2568 4248
189 465 250 528 146
482 463 829 519 METAMORPHOSEON

187 615 254 688 Nec
269 643 323 708 par
336 637 387 686 aut
401 641 508 684 eauem
524 631 673 681 nocturna
686 614 782 678 -lorrna
797 613 901 675 Dianae

147 785 150 790 .
187 722 263 786 Esse
278 735 377 807 potest
391 732 539 805 unquam:
563 735 740 798 semperque
755 711 898 775 hodierna
912 719 1086 794 sequente,

187 821 221 884 Si
234 819 351 897 crescit,
365 818 460 881 minor
474 829 538 893 est;
559 813 662 898 major,
679 813 703 875 si
717 810 863 874 contrabit
882 809 995 871 orbem.
1005 847 1027 878 ι,

231 915 338 994 Quid?
359 937 419 979 non
434 916 463 978 in
478 914 594 999 species
609 911 769 973 succedere
786 922 912 994 quatuor
926 919 1040 969 annum
1115 904 1172 968 lto

189 1015 340 1100 Adspicis,
355 1015 446 1078 aetatis
461 1024 651 1098 peragentem
666 1008 827 1072 imitamina
842 1007 968 1069 nostrae?

190 1107 271 1177 Nam
286 1126 380 1190 tener,
395 1125 426 1174 et
441 1111 562 1186 lactens,
579 1107 721 1192 puerique
736 1105 899 1168 simillimus
914 1113 977 1166 avo

192 1209 274 1274 Vere
289 1231 367 1272 novo
382 1221 437 1272 est.
482 1207 570 1270 Tunc
585 1206 677 1268 herba
691 1205 798 1280 nitens,
813 1216 844 1264 et
858 1202 967 1264 roboris
982 1214 1096 1284 expers

191 1305 317 1391 Turget,
330 1320 361 1370 et
375 1305 497 1369 insolida
513 1319 568 1381 est,
583 1317 612 1365 et
628 1324 681 1387 spe
697 1303 825 1364 delectat
840 1313 997 1382 agrestem.

190 1403 301 1468 Omnia
316 1419 379 1468 tum
395 1403 518 1480 florent3
541 1402 706 1484 florumque
722 1399 867 1462 coloribus
883 1399 976 1460 almus
1114 1395 1174 1458 145

192 1503 285 1566 Ridet
299 1523 384 1584 ager:
408 1522 505 1585 neque
520 1501 618 1562 adhuc
634 1499 724 1561 virtus
739 1499 766 1560 in
784 1497 932 1583 frondibus
948 1496 1009 1558 ulla
1023 1507 1082 1558 est.

191 1593 311 1662 'lbansrt
325 1599 354 1662 iu
369 1598 528 1674 AEstatem‚
545 1611 611 1681 post
627 1596 700 1674 Ver,
716 1596 859 1659 robustior
874 1596 997 1658 Annus:

193 1693 305 1783 Fitque
321 1697 422 1759 valens
433 1695 569 1781 juvenis:
594 1696 785 1780 nequeenim
801 1695 944 1758 robustior
959 1709 1029 1756 atas

192 1793 275 1874 Ulla,
290 1806 346 1858 nec
360 1795 488 1872 uberior,
503 1816 571 1872 nec,
587 1817 650 1878 qua
666 1792 759 1876 magis
775 1809 887 1872 aestuet,
902 1793 962 1856 ulla
976 1805 1033 1855 est.

194 1894 317 1982 Excipit
331 1897 513 1973 Autumnus,
529 1895 624 1978 posito
636 1893 749 1956 fervore
757 1893 892 1979 juventae
1115 1887 1175 1956 150
1247 1907 1252 1916 “

194 1991 341 2072 Maturus,
356 1994 503 2078 mitisque,
519 1993 594 2054 inter
604 1993 807 2078 juvenemque
823 2011 984 2075 senemque

193 2085 356 2178 Temporis
371 2093 495 2169 medius,
510 2091 616 2175 sparsis
632 2111 686 2173 per
699 2105 834 2176 tempora
849 2089 939 2151 canis.

195 2187 268 2252 Inde
283 2189 382 2252 senilis
397 2188 504 2250 Hiems
519 2189 644 2251 tremulo
660 2187 739 2250 venit
756 2187 872 2248 horrida
888 2205 993 2269 passu3

194 2291 259 2350 Aut
273 2287 398 2370 spoliata
412 2309 491 2363 suos,
507 2301 567 2363 aut,
583 2307 656 2370 quos
671 2285 771 2362 habet,
781 2285 851 2346 ¹alba
866 2284 998 2368 capillos.

195 2381 305 2446 Nostra
320 2405 438 2467 quoque
453 2385 582 2467 ipsorum
598 2404 725 2466 semper,
742 2384 902 2468 requieque
918 2383 979 2446 sine
994 2381 1069 2461 ulla,
1119 2383 1178 2446 155
1244 2405 1247 2409 ·

196 2477 330 2564 Corpora
346 2492 514 2543 ¹uertuntur:
537 2503 605 2557 nec,
621 2483 700 2564 quod
715 2481 872 2559 fuimusve,
888 2503 1039 2558 sumusve,

195 2573 271 2640 Cras
286 2577 406 2639 erimus.
451 2576 550 2640 Jacuit
566 2579 662 2660 primo
677 2579 738 2640 sine
755 2579 862 2641 viribus
878 2578 971 2641 infans

195 2672 273 2740 Mox
288 2674 466 2762 quadrupes,
481 2676 596 2760 rituque
613 2676 677 2738 tulit
691 2698 744 2738 sua
758 2677 890 2738 membra
906 2674 1051 2738 serarum:
1071 2721 1077 2732 .

196 2771 403 2858 Paulatimque
418 2787 558 2852 tremens,
573 2788 603 2836 et
618 2775 748 2836 nondum
764 2773 876 2858 poplite
891 2773 975 2835 firmo

195 2870 347 2950 Constitit,
363 2871 468 2958 adjutis
484 2873 582 2957 aliquo
597 2873 751 2934 conamine
766 2871 873 2934 nervis
1119 2871 1181 2934 160

195 2968 270 3032 Inde
288 2970 388 3032 valens
404 2971 552 3054 veloxque
567 2969 637 3032 luit:
661 2970 847 3053 spatiumque
858 2969 990 3054 juventa

195 3063 335 3129 Transit:
359 3079 399 3141 et,
415 3068 541 3128 emensis
557 3066 645 3126 medii
661 3087 778 3149 quoque
793 3066 934 3148 temporis
951 3066 1046 3143 anuis,

196 3161 320 3224 Labitur
333 3162 462 3225 occiduae
478 3183 532 3244 per
546 3164 600 3224 iter
613 3162 727 3224 declive
742 3177 878 3226 senecta.
968 3237 970 3241 ¹

197 3257 317 3322 Subruit
331 3259 395 3321 baec
410 3259 463 3321 aevi
479 3259 693 3342 demoliturque
709 3261 810 3343 prioris

196 3354 336 3422 Robora:
359 3356 470 3442 fletque
486 3355 581 3419 Milon
597 3357 702 3435 senior,
717 3359 785 3420 clun
802 3372 917 3442 spectat
932 3359 1032 3420 inanes
1119 3358 1182 3421 165

196 3453 277 3532 Illos,
293 3455 343 3539 qui
357 3453 472 3518 lirerant
486 3455 645 3517 solidorum
660 3455 738 3517 mole
754 3469 884 3519 tororum

197 3546 355 3614 Herculeis
368 3549 488 3627 similes,
503 3551 609 3614 fluidos
625 3552 756 3635 pendere
771 3554 906 3617 lacertos.

196 3643 267 3717 Flet
281 3666 410 3740 quoque,
424 3659 458 3708 ut
472 3647 500 3708 in
516 3648 639 3739 speculo
653 3668 739 3728 rugas
754 3650 892 3744 adspergit
907 3651 1009 3736 aniles,
