2572 4242
523 427 631 478 unua
656 428 701 477 ll'.

113 579 221 647 Pande
235 578 396 664 requirenti
410 599 519 642 nomen
534 591 676 662 terraque
691 592 853 662 tuumque;

114 677 160 741 Et
173 699 227 742 cur
240 678 335 740 vincla
349 675 456 759 geras!
501 675 603 738 Primi
619 677 684 738 silet
699 675 765 738 illa:
787 697 844 739 nec
859 674 950 740 audet

115 775 281 859 Appellare
297 775 392 837 virum
406 774 507 855 virgo:
530 772 724 856 manibusque
740 773 890 836 modestos

117 872 257 936 Celisset
272 872 389 949 vultus3
411 873 509 934 sinon
523 871 645 952 religata
659 869 771 933 luisset.
1030 873 1096 938 m

118 969 259 1047 Lumina,
275 970 356 1054 quod
370 969 477 1054 potuit,
490 968 629 1052 lacrymis
644 968 779 1052 implevit
793 968 914 1032 obortit.

120 1067 234 1150 Snpius
248 1067 377 1144 instanti,
391 1087 445 1129 sua
459 1087 497 1128 ne
513 1065 622 1128 delicta
636 1064 720 1129 sateri

118 1163 208 1227 Nolle
224 1165 384 1242 videretur,
399 1185 507 1226 nomen
522 1177 669 1246 terrteque
684 1185 842 1247 suumque,

118 1261 301 1348 Quantaque
318 1275 455 1324 matemae
471 1259 557 1322 fiterit
571 1260 677 1322 fiducia
692 1258 803 1338 sonate,

117 1358 243 1422 Iudicat.
288 1358 340 1435 Et,
356 1357 487 1422 noudum
501 1358 670 1420 memoratis
684 1359 831 1436 omnibus,
846 1358 927 1423 und·
1033 1359 1099 1424 fl

116 1455 267 1519 lusonuit:
290 1457 473 1541 veniensque
487 1455 632 1518 irnmenso
646 1455 746 1518 bellua
760 1469 852 1540 ponto

116 1553 250 1632 Eminet,
266 1570 296 1618 et
310 1556 403 1617 latum
418 1555 472 1616 sub
487 1568 607 1637 pectore
622 1554 753 1638 possidet
772 1575 881 1640 equor.

116 1652 295 1717 Conclamat
309 1653 409 1736 m'rgo:
433 1653 548 1734 genitor
561 1652 700 1734 lugubris,
716 1667 746 1715 et
761 1673 864 1716 amens

116 1748 219 1814 Mater
232 1750 335 1828 adest;
357 1751 444 1812 ambo
458 1751 567 1828 miseri,
582 1751 636 1813 sed
647 1749 754 1834 justiis
769 1751 828 1813 illa.

116 1845 184 1910 Nec
198 1869 301 1911 secum
316 1847 470 1924 auxilium,
484 1848 537 1910 sed
552 1849 655 1930 dignos
669 1863 803 1932 tempore
820 1847 918 1926 fletus,
1032 1849 1098 1916 8³0

115 1943 356 2030 plangoremque
370 1943 483 2009 senmt:
507 1945 664 2028 vinctoque
679 1945 709 2008 in
724 1965 847 2028 corpore
862 1945 1024 2010 adherent.

116 2041 200 2106 Cam
214 2043 257 2106 sic
272 2043 382 2128 hospes
397 2043 453 2106 ait:
477 2043 710 2127 ‘Lacrymarum
725 2043 814 2123 longa
827 2061 948 2106 manere

114 2139 271 2225 Tempora
292 2163 346 2203 vos
376 2155 531 2224 poterunt:
553 2141 591 2204 ad
620 2162 711 2226 opem
732 2140 831 2202 brevis
852 2141 925 2204 horu
946 2137 1097 2204 brendam

246 2252 302 2302 ffll.
814 2253 818 2262 '

115 2335 205 2399 Hanc
220 2359 277 2418 ego
292 2337 315 2400 si
331 2350 464 2421 peterem
479 2335 608 2399 Perseus
621 2335 700 2400 Jove
715 2349 812 2414 natus,
827 2350 858 2400 et
877 2335 925 2400 ille

114 2433 263 2516 Gorgonis
277 2435 458 2517 anguicome
473 2433 601 2497 Perseus
616 2449 780 2518 superator,
795 2448 827 2498 et
840 2434 894 2498 alie
1032 2435 1097 2501 838

114 2531 276 2594 AEthercas
291 2553 379 2594 ausus
391 2531 510 2617 jactatis
525 2533 566 2595 ire
582 2553 637 2616 per
650 2553 754 2610 auras;

112 2627 274 2691 Praesemer
287 2629 402 2692 cunctis
416 2631 497 2692 certe
513 2651 614 2712 gener.
659 2630 783 2694 Addere
797 2630 885 2694 tantis

112 2723 245 2788 Dotibus
260 2741 291 2788 et
305 2727 444 2789 meritum
461 2726 594 2814 (faveant
608 2728 699 2790 modo
713 2727 849 2812 numina)
866 2741 961 2792 tento.

111 2821 158 2886 Ut
172 2844 242 2885 mea
255 2824 303 2901 sit,
317 2837 436 2887 servata
449 2826 518 2886 mei
532 2825 652 2900 virtute,
668 2824 822 2908 paciscor)

111 2921 278 3004 Accipiunt
292 2923 403 3004 legem,
421 2921 501 3008 (quis
516 2923 594 2986 enim
610 2907 794 3006 dubitaretl)
812 2934 843 2984 et
856 2932 952 3000 namt,
1030 2919 1096 2988 w

111 3017 355 3103 Promittuntque
369 3021 460 3103 super
474 3041 597 3102 regnum
613 3020 722 3096 dotale,
738 3033 886 3104 parentes.

121 3121 142 3167 s
156 3115 241 3179 Ecce
257 3116 340 3179 velut
355 3117 448 3194 navia,
464 3117 584 3202 praefixo
597 3119 714 3180 concita
729 3135 832 3196 roano,

109 3211 215 3276 Sulcat
231 3235 334 3298 aquas,
346 3214 492 3298 juvenum
506 3215 679 3278 sudantibus
694 3230 761 3279 acta
775 3215 910 3293 lacertis;

109 3312 161 3373 Sic
177 3310 250 3389 sera,
265 3312 384 3374 dimotis
398 3313 526 3396 impulsu
541 3314 669 3397 pectoris
683 3315 780 3388 undis,

108 3407 245 3471 Tantum
260 3410 362 3472 aberat
376 3411 516 3494 scopulis,
531 3425 674 3494 quantum
688 3411 844 3473 Balearica
857 3423 935 3473 torto
1030 3409 1096 3474 8⁴5

108 3505 220 3570 Fuuda
234 3520 334 3591 potest
349 3508 474 3591 plumbo
487 3509 578 3571 medii
593 3509 790 3572 transmittere
804 3507 896 3572 oceli:

107 3603 189 3668 cnm
206 3605 306 3668 subito
317 3603 448 3690 juvenis,
463 3606 588 3688 pedibus
602 3607 707 3670 tellure
721 3605 852 3688 reputt.
