2572 4242
522 461 630 514 monti
645 463 666 513 l.

116 609 191 678 Cura
203 611 270 676 dei:
293 612 476 696 totidemque
491 613 584 697 plaga
599 611 702 676 tellure
717 625 900 698 premuntur.

117 709 245 785 Quarum
260 733 325 796 que
339 711 437 774 media
451 725 506 788 est,
521 733 579 774 non
594 725 640 774 est
654 711 819 776 habitabilis
833 725 922 776 astu:

116 808 170 872 Nix
183 809 256 890 tegit
270 809 329 872 alta
343 809 434 871 duas:
457 809 580 873 totidem
595 809 670 873 inter
683 825 840 895 utrumque
855 809 980 890 locarit;
1038 811 1081 876 50

97 906 359 992 'Temperiemque
375 907 467 984 dedit,
482 907 659 970 mintriacum
675 907 779 991 frigore
796 907 927 972 flammis.

114 1005 244 1069 Imminet
258 1006 304 1068 his
319 1009 386 1068 ai'r:
410 1005 472 1089 qui,
487 1006 597 1090 quantit
612 1020 657 1068 est
672 1007 802 1090 pondere
817 1022 900 1071 terte

114 1103 230 1166 Pondus
244 1125 327 1188 aqrrae
342 1103 447 1179 levius,
463 1105 546 1166 tanto
561 1117 606 1165 est
619 1103 768 1166 onerosior
782 1103 852 1186 igni.

113 1199 172 1264 ltro
185 1216 217 1264 et
228 1202 362 1278 nebulas,
383 1201 442 1264 itte
456 1201 615 1264 consistere
631 1201 724 1264 nubes

112 1298 209 1376 Jussit,
224 1315 255 1362 et
270 1299 413 1362 humanas
428 1313 543 1362 motura
557 1299 681 1363 tonitrua
697 1313 822 1376 mentes,
1038 1299 1081 1364 55

111 1397 232 1460 Etcum
247 1397 417 1461 fulminibus
432 1395 571 1460 facientes
588 1395 692 1481 frigora
708 1415 823 1461 ventos.

11 1503 15 1512 '
110 1494 164 1558 His
180 1517 298 1580 quoque
314 1518 372 1558 non
390 1495 497 1578 passim
513 1495 613 1559 mundi
630 1495 784 1559 fabricator
798 1495 966 1560 babendum

111 1595 188 1656 Alta
203 1595 346 1678 permisit.
392 1593 453 1657 Vix
468 1615 546 1657 nunc
562 1593 710 1656 obsistitur
724 1594 789 1670 illis,

108 1689 188 1755 Cdrn
202 1714 256 1755 sua
271 1693 395 1776 quisque
410 1706 513 1774 regant
526 1693 643 1755 diverso
658 1691 775 1755 flamina
790 1707 896 1766 tractu,

109 1787 191 1863 Quin
207 1789 317 1854 lanient
333 1790 493 1864 mundum;
514 1804 595 1852 tanta
609 1805 655 1854 est
670 1791 812 1853 discordia
831 1791 959 1853 snrtnrm.
1038 1789 1082 1854 60

98 1885 206 1950 ,Eunrs
220 1888 257 1950 ad
273 1889 429 1960 Auroram,
446 1885 666 1972 Nabatheaque
683 1909 772 1971 regna
788 1891 918 1966 mrtssit,

107 1983 301 2070 Persidaque,
316 2001 346 2048 et
363 1985 448 2048 radiis
459 1984 530 2070 juga
546 1985 662 2048 subdita
678 1987 838 2048 matutinis.
867 2063 870 2070 Ι

108 2080 238 2167 Vesper,
253 2099 284 2146 et
298 2083 424 2146 occiduo
440 2105 505 2168 qna
521 2084 616 2144 littora
631 2081 694 2144 sole
711 2095 878 2166 tepescunt,
939 2132 946 2143 .

106 2179 250 2244 Proxima
264 2196 331 2243 sunt
347 2179 510 2264 Zephyro:
534 2179 688 2264 Scythiam
705 2179 889 2266 Septernque
906 2181 1028 2244 trionem

105 2276 243 2342 Horriser
257 2278 359 2341 invasit
378 2277 508 2354 Boreas;
529 2279 671 2342 contraria
689 2279 775 2340 tellus
1039 2279 1082 2344 65

105 2375 245 2440 Nubibus
259 2376 397 2451 adsiduis,
415 2377 573 2460 pluvioque
590 2377 728 2438 madescit
747 2377 785 2438 ab
802 2377 921 2440 Atisim.

104 2473 182 2538 Hac
197 2475 440 2559 superimposuit
457 2475 598 2559 liquidum
614 2490 644 2537 et
660 2477 801 2554 grauitate
816 2493 969 2539 caruntetn

103 2569 245 2649 AEtbera,
259 2594 316 2635 nec
332 2573 491 2657 quidquam
508 2589 630 2636 terrene
647 2571 723 2636 fecis
740 2573 910 2637 lrabeutent.

151 2669 216 2734 Vix
230 2692 266 2732 ea
282 2671 420 2732 limitibus
435 2671 609 2754 dissepsernt
624 2672 721 2734 omnia
736 2673 843 2748 certis;

101 2767 200 2846 Cium,
216 2791 280 2853 quae
296 2791 395 2853 pressa
411 2769 459 2832 diu
477 2771 573 2832 massa
588 2771 699 2832 latuere
714 2769 769 2832 sub
785 2769 844 2848 ilii,
1041 2771 1084 2833 '0'0

99 2865 213 2929 Sidera
227 2885 384 2950 caeperunt
399 2882 461 2929 toto
476 2867 670 2930 effervescere
686 2867 775 2930 coelo.

98 2963 176 3026 Neu
193 2964 275 3046 regin
290 2965 364 3027 soret
379 2965 438 3027 ulla
452 2967 512 3027 suis
526 2965 721 3028 anirrtantibus
735 2963 816 3042 orba,

96 3061 199 3126 Astra
213 3078 316 3126 tenent
330 3063 453 3127 coeleste
469 3063 574 3141 solum,
591 3063 748 3147 sonnaeque
763 3063 903 3126 deorum:

96 3159 273 3224 Cesserunt
289 3161 385 3223 nitidis
402 3162 563 3224 habitandae
581 3162 707 3246 piscibus
723 3162 826 3224 unde:

94 3258 202 3321 Terra
218 3255 293 3320 seras
308 3259 405 3342 cepit:
431 3259 563 3322 volucres
578 3259 721 3341 agitabilis
736 3264 797 3322 a''r.
1042 3261 1085 3324 ’r5

143 3356 287 3420 Sanctius
303 3357 348 3419 his
364 3357 481 3432 animal,
497 3358 663 3440 mentisque
678 3355 817 3438 capacius
833 3355 898 3418 alta

92 3453 222 3518 Deerat
238 3455 346 3532 adbuc,
361 3469 391 3518 et
407 3454 486 3539 quod
502 3455 642 3517 dominari
659 3455 688 3517 in
703 3469 809 3516 caetera
825 3465 935 3536 prsset.
946 3501 959 3508 -

92 3549 204 3616 Natus
219 3553 312 3614 homo
326 3568 389 3615 est:
411 3553 474 3616 sive
490 3553 570 3614 hunc
586 3552 686 3616 divino
701 3551 814 3614 semine
830 3547 901 3613 fecit

91 3648 153 3714 Ille
171 3649 282 3734 opifex
296 3671 405 3728 rerum,
420 3649 524 3715 mundi
538 3649 667 3714 melioris
680 3648 778 3729 origo:
