2568 4248
187 427 248 490 175
544 426 628 486 nun,
653 425 793 474 utrem.

182 581 253 648 Non
268 578 405 664 equidem
421 575 557 638 invideo:
581 574 723 658 numquid
738 587 838 635 tamen
853 576 913 638 ulla
928 575 1045 658 seritur,

224 678 302 753 Que
317 673 421 738 sterilis
435 672 499 734 soli
512 670 719 754 conspicienda
733 670 822 732 comi
836 675 902 735 est?
1122 682 1164 743 30

182 775 305 842 Gemite
320 773 448 835 sinceros
464 790 567 831 omnes
582 789 622 830 ex
637 767 738 830 ordine
754 783 882 847 truncos,

224 872 287 947 Qui
302 869 391 933 modo
406 867 457 944 nil,
473 886 562 950 quare
578 864 787 948 percutiantur,
803 866 923 928 habent.

183 971 225 1033 At
239 969 311 1031 mihi
326 987 402 1028 saeva
416 976 524 1026 nocent
539 962 676 1023 mutilatis
693 961 814 1023 vulnera
828 965 916 1026 ramis
924 985 933 1040 ;

223 1064 372 1148 Nudaque
387 1060 502 1144 dejecti
515 1059 624 1120 cortice
638 1059 715 1140 ligna
730 1072 843 1142 patent.

182 1163 251 1227 Non
267 1161 366 1224 odium
381 1158 450 1221 sacit
465 1157 531 1232 hoc,
547 1156 600 1217 sed
613 1176 682 1238 spes
697 1155 810 1218 indulta
825 1157 943 1240 rapine.
1118 1163 1162 1226 35

225 1258 396 1322 Sustineant
410 1255 472 1316 alie
488 1270 594 1336 poma;
618 1267 777 1338 querentur
792 1253 881 1315 idem.

182 1355 233 1420 Sic
247 1376 313 1418 reus
328 1354 376 1416 iile
391 1350 452 1414 sert
468 1361 522 1426 est,
539 1351 576 1412 do
593 1371 652 1434 quo
668 1350 787 1412 victoria
803 1351 886 1413 lucro

223 1451 299 1514 Esse
315 1462 430 1533 potest:
455 1449 548 1530 inopis
564 1447 679 1509 vindice
696 1446 772 1508 iacta
785 1462 897 1511 carent.

181 1549 231 1612 Sic
246 1548 330 1610 timet
344 1544 471 1620 insidias,
486 1544 535 1628 qui
550 1545 604 1606 scit
619 1565 650 1606 se
666 1543 740 1606 serre
756 1545 859 1622 viator,

222 1643 282 1708 Cui
297 1643 415 1704 timeat:
439 1653 534 1702 tutum
550 1640 644 1724 carpit
658 1641 752 1703 inanis
764 1642 842 1706 iter..

180 1741 230 1805 Sic
246 1761 301 1822 ego
315 1738 378 1800 sola
392 1751 494 1822 petor;
517 1739 570 1800 soli
586 1739 653 1821 quie
667 1759 756 1800 causa
770 1690 962 1868 petenrfflst.

222 1834 388 1899 Frondibus
402 1835 518 1897 intactis
532 1848 635 1896 caetera
650 1835 734 1897 turba
749 1837 854 1898 virent.

181 1925 259 1996 Nem
276 1934 355 2017 quod
371 1933 481 1995 habent
497 1932 614 1994 frutices
630 1932 677 1994 elii
693 1953 810 2016 quoque
826 1932 961 2016 proxima
975 1932 1062 1996 nobis

222 2029 390 2114 Fragmina,
401 2052 469 2113 quae
485 2029 552 2092 laeso
567 2029 675 2090 vimine
691 2029 784 2091 multa
795 2029 914 2114 jacent3

180 2127 249 2192 Non
264 2128 323 2190 istis
338 2149 391 2189 sua
406 2126 483 2189 sacta
497 2142 621 2190 nocent:
647 2127 751 2188 vicinia
766 2128 874 2190 damno
888 2140 943 2190 est.
1113 2129 1157 2192 45

168 2273 172 2282 .
222 2225 385 2308 Excipiunt
401 2225 458 2286 ictu
474 2243 546 2286 saxa
561 2225 678 2308 repulsa
693 2245 772 2286 meo.

179 2320 272 2404 quue
286 2321 344 2382 fide
358 2335 475 2395 careat3
498 2321 521 2382 si
537 2343 606 2397 non,
623 2342 685 2404 quae
701 2320 814 2402 longius
830 2321 945 2398 absunt,

219 2415 362 2478 Nativum
377 2417 502 2478 retinent
518 2417 656 2479 inviolata
671 2417 771 2480 decus.
809 2488 813 2496 ,

180 2512 271 2595 Ergo,
286 2513 310 2575 si
325 2513 450 2596 sapiant,
466 2527 496 2574 et
511 2527 642 2574 mentem
658 2515 747 2576 verba
762 2527 920 2598 sequantur
929 2533 940 2591 ς

219 2608 397 2673 Devoveant
413 2611 529 2672 umbras
544 2608 678 2692 proxima
695 2633 817 2695 queque
831 2631 922 2674 meas.
940 2653 949 2676 .
1113 2613 1157 2676 50

178 2706 281 2781 Quam
295 2708 435 2770 miserum
453 2721 507 2784 est,
522 2709 621 2770 odium
638 2709 750 2771 demnis
765 2709 907 2772 accedere
922 2709 1028 2772 nosttis
1037 2728 1047 2787 3

219 2803 332 2890 Meque
348 2827 428 2894 ream
443 2806 537 2868 nimiae
552 2807 745 2890 proximitatis
760 2807 823 2888 agi!

177 2891 249 2981 Sed,
265 2919 348 2987 puto,
364 2925 470 2986 magna
485 2905 543 2967 mei
559 2920 603 2966 est
618 2925 742 2988 operoso
758 2925 828 2966 cure
841 2903 958 2966 colono.

217 2999 365 3076 Invenias,
381 3001 430 3083 qui
446 3001 496 3062 det
511 3003 550 3063 nil
567 3002 649 3079 mihi,
664 3015 769 3084 praeter
783 3002 917 3063 humum.

176 3095 290 3178 Sponte
305 3085 373 3156 mei¹
386 3097 477 3159 facilis
492 3113 663 3182 contempto
677 3121 782 3161 nascor
797 3099 825 3160 in
840 3119 927 3180 agro:
1111 3098 1156 3162 55

217 3190 350 3275 Parsque
365 3193 431 3270 loci,
448 3194 507 3277 qud
520 3208 576 3270 sto,
592 3197 709 3278 publiea
724 3195 801 3279 pene
818 3197 865 3258 via
879 3210 934 3258 est.

177 3287 240 3365 Me,
255 3301 317 3351 sata
331 3311 369 3351 ne
385 3290 488 3352 laedam
507 3291 659 3378 (quoniam
674 3306 736 3356 sata
750 3292 855 3355 laedere
870 3289 977 3378 dicor),

217 3387 297 3450 Imus
313 3386 341 3449 in
358 3403 491 3450 extremo
505 3392 635 3472 margine
650 3391 757 3452 fundus
771 3391 872 3452 habet.

178 3484 244 3548 Non
257 3487 331 3549 mihi
347 3485 407 3548 salx
422 3487 525 3548 nimias
541 3489 676 3550 Saturnia
690 3489 813 3572 deputat
827 3488 961 3551 umbras:

217 3581 364 3646 Duratanr
377 3597 499 3646 renovat
513 3606 571 3646 non
586 3585 657 3647 mihi
673 3585 914 3648 sossorhumum.
1112 3586 1157 3650 60

175 3675 245 3739 Sole
260 3678 330 3742 licet
343 3680 481 3748 sireduue
496 3681 542 3745 siti
558 3681 685 3764 peritura
699 3682 848 3753 laborem:

1115 1648 1160 1710 40
