2568 4248
473 442 646 496 EPIBTOLA
672 441 746 496 x111.

450 654 670 720 EPISTOLA
698 655 788 720 XIII.

420 849 585 891 montom
606 847 817 892 PROTESILAO.

127 993 270 1074 Mrrurr,
283 1009 315 1060 et
327 1010 410 1080 optut
424 1017 537 1075 amans,
553 998 612 1082 qud
626 998 759 1077 mittitur,
773 999 827 1076 ire,
842 998 977 1078 salutem,

171 1093 310 1157 AEmonis
324 1094 468 1158 AEmonio
482 1095 647 1158 Laodamia
662 1096 735 1158 viro.

127 1187 239 1255 Aulide
254 1205 286 1253 te
301 1190 380 1254 sama
393 1205 438 1254 est
454 1207 543 1255 vento
557 1193 701 1256 retinente
716 1192 833 1255 morari.

171 1288 223 1349 Ab
235 1287 242 1350 !
265 1309 315 1350 me
329 1289 398 1351 crim
414 1289 540 1372 sugeres,
554 1291 603 1352 bic
617 1290 667 1352 ubi
683 1305 788 1353 ventus
804 1289 887 1354 erati

128 1385 209 1447 Tum
225 1385 299 1449 freta
314 1386 474 1450 debuerant
490 1389 592 1450 vestris
606 1389 748 1451 obsistere
762 1388 860 1452 remis.

171 1482 249 1545 Illud
265 1497 328 1547 erat
342 1487 425 1548 saevis
441 1485 511 1549 utile
526 1501 644 1569 tempus
659 1487 750 1570 aquis.

128 1581 243 1643 Oscula
258 1583 341 1666 plura
356 1584 428 1661 viro,
443 1584 641 1667 mandataque
658 1585 741 1667 plura
756 1582 920 1647 dedissem:

172 1679 214 1742 Et
228 1693 296 1742 sunt
311 1702 375 1764 quta
391 1682 470 1743 volui
485 1682 583 1744 dicere
598 1682 683 1765 plura
698 1672 763 1744 tibi.

128 1775 248 1861 Raptus
262 1799 295 1839 es
309 1778 378 1840 hinc
394 1799 541 1863 praeceps:
565 1792 606 1856 et,
622 1778 670 1863 qui
687 1794 738 1841 tua
752 1779 819 1840 vela
834 1791 964 1856 vocaret,

172 1873 275 1948 Quem
289 1889 433 1959 cuperent
448 1889 554 1953 nautae,
569 1897 627 1938 non
642 1897 709 1958 ego,
726 1889 829 1937 ventus
844 1888 917 1937 erat.
1065 1874 1105 1940 lo

130 1969 248 2036 Ventus
262 1987 324 2036 erat
338 1973 433 2036 nautis
448 1986 545 2056 aptus,
559 1995 618 2034 non
636 1987 722 2056 aptus
737 1971 855 2034 amanti.

173 2070 279 2133 Solvor
292 2071 330 2132 ab
344 2071 496 2154 amplexu,
512 2069 686 2146 protesilae,
701 2083 753 2132 tuo
766 2089 773 2146 ;

129 2167 306 2252 Linguaque
321 2168 485 2230 mandantis
501 2167 589 2229 verba
605 2165 779 2250 imperfecta
792 2165 947 2250 relinquit3

173 2264 236 2328 Vix
252 2265 321 2328 iilud
338 2265 432 2349 potuit
447 2266 545 2328 dicere
561 2265 641 2326 triste
658 2262 778 2326 ‘Vale'

128 2363 267 2426 Incubuit
280 2361 404 2440 Boreas,
419 2363 600 2446 abreptaque
616 2362 682 2424 vela
697 2360 840 2438 tetendit;
1064 2361 1106 2425 15

171 2459 301 2544 Jamque
315 2481 400 2522 meus
415 2460 501 2542 longe
517 2460 696 2522 Protesilaus
710 2475 782 2521 erat.

88 2579 94 2585 ·
128 2559 212 2621 Dum
228 2559 311 2642 potui
326 2571 460 2642 spectare
476 2559 580 2634 virum,
596 2571 730 2640 spectare
740 2557 881 2642 juvabat:

171 2656 305 2740 Sumque
320 2669 386 2719 tuos
400 2655 501 2718 oculos
516 2675 609 2739 usque
625 2669 726 2717 secuta
741 2653 825 2716 meis.

127 2753 173 2816 Ut
187 2768 217 2816 te
233 2776 292 2816 non
306 2767 449 2837 poteram,
465 2766 597 2836 poteram
613 2765 664 2813 tua
679 2752 746 2813 vela
760 2750 876 2812 videre:

172 2850 251 2914 Vela
266 2851 315 2914 diu
331 2852 429 2914 vultus
443 2851 596 2912 detinuere
611 2869 704 2910 meos·
1062 2845 1106 2909 §to

128 2950 172 3011 At
188 2963 344 3033 postquam
358 2969 414 3010 nec
429 2962 470 3024 te,
485 2969 541 3009 nec
558 2946 623 3008 vela
637 2944 753 3027 fugacia
768 2941 846 3020 vidi;

173 3045 213 3109 Et
229 3047 307 3130 quod
323 3059 499 3129 spectarem,
514 3045 565 3121 nil,
581 3043 635 3105 nisi
651 3056 769 3126 pontiu,
786 3055 866 3117 erat3

129 3142 200 3205 Lux
217 3164 334 3227 quoque
349 3156 449 3205 tecum
465 3142 551 3217 abiit3
574 3139 701 3202 tenebris
717 3139 876 3221 exsanguis
889 3136 998 3201 obortis

171 3241 322 3304 Succiduo
337 3241 417 3304 dicor
432 3240 622 3322 procubuisse
637 3259 726 3320 genu.
916 3321 918 3326 Ι

133 3337 193 3401 Vix
207 3359 292 3400 socer
306 3337 447 3422 Iphiclus,
464 3338 514 3398 vix
528 3357 577 3398 rue
592 3335 764 3418 grandevus
782 3335 920 3410 Acastus,
1062 3331 1106 3395 25

173 3434 236 3499 vix
249 3450 345 3499 mater
359 3434 457 3518 gelidai
471 3447 576 3497 moesta
591 3432 693 3496 refecit
708 3431 797 3516 aqui.

128 3532 269 3596 Officium
285 3533 384 3596 secere
398 3533 491 3616 pium,
507 3531 561 3594 sed
574 3531 675 3593 inutile
690 3529 784 3593 nobis.

171 3629 313 3712 indignor
325 3631 438 3692 miserae
452 3651 509 3692 non
526 3628 642 3691 licuisse
656 3627 740 3689 mori.
