2568 4248
451 653 837 730 HEROIDES.

437 1115 452 1136 ‚
511 1037 732 1105 uersuum
755 1039 781 1104 r.

484 1232 653 1276 mutuor!
683 1233 806 1278 ulaml-

155 1393 252 1460 Hinc
268 1408 320 1458 tue
334 1393 489 1480 Penelope
503 1395 585 1458 lento
599 1394 652 1458 tibi
666 1395 765 1474 mittit,
780 1394 901 1481 Ulysse.

199 1491 251 1556 Nil
265 1492 338 1556 mihi
351 1493 492 1556 rescribas
506 1507 539 1556 ut
552 1507 664 1571 tamon,
679 1492 743 1576 ipse
758 1493 836 1558 veni.
893 1517 896 1522 ·

155 1590 249 1677 Troja
259 1589 342 1676 jacet
356 1591 449 1668 cert'e,
464 1589 578 1654 Dana'r's
594 1589 687 1654 invisa
701 1592 817 1675 puellis.

200 1687 264 1751 Vix
278 1686 415 1752 Priamus
430 1689 513 1766 tanti,
528 1701 648 1772 totaque
663 1687 766 1773 ijo,
781 1688 846 1753 suit.

156 1785 289 1860 Quando
303 1807 360 1868 ego
374 1808 433 1849 non
449 1781 532 1848 timui
546 1785 677 1868 graviora
692 1787 823 1870 pericula
837 1786 936 1850 veris?
1111 1789 1136 1856 Ι

200 1881 265 1946 Res
280 1897 325 1947 est
339 1883 453 1946 solliciti
468 1883 556 1968 plena
572 1883 682 1946 timoris
697 1905 789 1948 arnor.

156 1980 190 2044 ln
206 1994 236 2044 te
250 1981 397 2064 fingebam
413 1981 556 2044 violentos
571 1978 668 2044 Troes
682 1981 790 2044 ituros:
827 2021 832 2028 -

199 2079 329 2144 Nomine
345 2079 374 2142 in
390 2078 541 2142 Hectoreo
554 2078 664 2163 pallida
677 2099 797 2164 semper
810 2099 902 2142 erarn.

155 2179 227 2242 Sive
243 2178 307 2262 quis
321 2177 516 2242 Antilochum
531 2177 664 2240 narrabat
680 2176 718 2240 ab
732 2174 865 2240 Hectore
881 2176 1012 2256 victum

198 2276 377 2339 Antilochus
391 2275 482 2338 nostri
496 2295 586 2338 cause
600 2273 711 2338 timoris
725 2287 805 2338 eratr
962 2283 965 2292 ⁴
1092 2275 1134 2342 1⁰

155 2373 227 2437 Sive
242 2371 446 2437 Menoetiaden
461 2370 540 2435 salsis
554 2371 695 2436 cecidisse
709 2372 765 2436 sub
778 2370 883 2450 annm

198 2471 324 2535 Flebam
340 2492 478 2534 successu
494 2491 581 2554 posse
595 2491 695 2534 carere
710 2471 805 2534 dolos.
831 2521 852 2536 ..

154 2569 305 2652 Sanguine
319 2568 515 2654 'llepolemus
530 2567 656 2653 Lyciam
671 2568 852 2654 tepefecerat
866 2570 1002 2651 hastam

198 2666 369 2751 'llepolemi
383 2667 443 2730 leto
456 2687 528 2730 cura
541 2680 649 2730 novate
662 2688 731 2730 mea
744 2680 799 2730 est.

154 2765 307 2850 Denique,
322 2764 452 2851 quisquis
466 2778 530 2828 erat
543 2765 644 2828 castris
654 2764 805 2850 jugulatus
820 2763 956 2842 Achivis,
1092 2764 1133 2830 1⁸

197 2863 346 2947 Frigidius
361 2862 455 2947 glacie
470 2876 576 2948 pectus
590 2861 715 2925 amantis
730 2874 803 2924 eret.

154 2963 217 3026 Sed
231 2963 309 3026 bene
323 2961 469 3025 consuluit
483 2974 566 3036 casio
579 2961 653 3022 deus
668 2979 769 3042 equus
784 2958 886 3022 amori.

199 3059 295 3123 Versa
309 3073 355 3124 est
369 3060 397 3122 in
413 3059 542 3123 cinerem
558 3058 667 3142 sospite
682 3055 776 3142 Troja
791 3055 862 3120 viro.

157 3158 287 3241 Argolici
301 3143 415 3220 rediere
431 3157 542 3220 duces:
565 3155 667 3220 altaria
680 3154 810 3218 sumant:

183 3244 323 3318 'Ponitur
337 3255 373 3318 ad
390 3255 498 3339 patrios
512 3254 635 3317 barbara
649 3253 748 3337 preda
762 3254 845 3316 deos.
1089 3253 1133 3318 Ν

154 3353 249 3416 Grata
262 3352 359 3416 serunt
374 3349 525 3436 Nymphae
540 3373 595 3436 pro
608 3351 695 3414 salvis
710 3351 788 3416 dona
801 3350 928 3415 maritis:

197 3451 243 3515 llli
258 3451 337 3514 ricta
351 3449 410 3514 suis
424 3448 518 3513 Troia
532 3448 591 3512 sata
604 3463 724 3512 canunt.

155 3549 301 3614 Mirantur
310 3547 442 3633 justique
456 3568 553 3626 senes,
568 3547 749 3632 trepideque
763 3546 887 3630 puello:

197 3645 348 3726 Narrantis
360 3644 474 3731 'conjux
489 3644 601 3730 pendet
614 3643 652 3708 ab
665 3665 716 3709 ore
731 3643 795 3706 viri.
