2568 4248
556 411 664 464 mm
687 413 734 464 11.

143 565 371 649 tmumoesqos
385 564 500 628 herbe:
524 583 647 648 quarum
662 562 701 626 tle
716 562 793 626 lacta
806 571 945 648 soporem

144 663 218 728 Nox
231 664 315 746 legit,
330 677 360 726 et
374 662 484 745 spargit
500 682 553 744 per
565 681 674 744 opacas
689 661 809 724 humida
823 675 925 724 terras.

37 813 49 832 ,
143 761 254 834 lanua,
269 781 335 845 qua
349 779 437 822 verso
451 757 604 822 stridorem
618 757 737 820 cardine
753 758 867 834 reddat,
1059 759 1124 823 atu

145 857 239 922 Nulla
252 857 342 920 domo
355 857 436 932 totit3
457 871 556 920 custos
570 856 599 918 io
614 856 715 918 limine
729 855 837 917 nullus.

145 957 191 1020 At
204 956 304 1020 mulio
317 969 398 1020 tonas
413 969 469 1030 est,
484 955 581 1017 ebeno
595 953 726 1016 sublimis
741 952 770 1015 in
785 951 858 1030 atra,

145 1052 301 1129 Plumeus,
316 1052 459 1128 unicolor,
474 1052 556 1134 pullo
570 1050 716 1113 velamine
730 1064 844 1114 tectus:

145 1150 221 1224 Quo
233 1150 324 1213 cubat
338 1149 402 1233 ipse
417 1149 503 1225 deus,
516 1147 654 1212 membris
669 1147 809 1230 languore
825 1148 937 1212 solutis.

145 1247 238 1311 Hunc
251 1248 330 1310 circa
345 1247 464 1331 passim,
479 1247 573 1310 varias
587 1245 732 1308 imitantia
745 1245 863 1324 formas,
1060 1246 1124 1312 aut

145 1345 270 1408 Somnia
283 1365 359 1410 vana
369 1343 470 1429 jaceat
484 1343 619 1420 totidem,
634 1355 706 1427 quot
721 1345 824 1408 messis
838 1345 952 1422 amaus,

146 1443 229 1506 Silva
244 1442 318 1525 gerit
333 1441 462 1517 frondes,
477 1441 588 1526 ejectas
602 1441 683 1504 littus
698 1461 811 1504 arenas.

190 1538 266 1614 Quo
278 1540 364 1604 simul
379 1539 507 1614 intravit,
521 1538 714 1622 manibusque
729 1539 874 1604 obstantia
888 1539 971 1624 virgo

144 1638 270 1702 Somnia
284 1637 423 1699 dimovit:
446 1637 536 1700 vestis
550 1636 662 1718 fulgore
673 1636 782 1700 reluxit

145 1735 238 1798 Sacra
253 1735 375 1798 domus:
398 1734 540 1818 tardaque
556 1735 629 1796 deus
643 1734 786 1816 gravitate
797 1732 932 1819 jacentes
1060 1737 1125 1800 Μ

147 1831 211 1895 Vix
225 1832 328 1894 oculos
342 1832 466 1907 tollens;
488 1833 652 1915 iterumque
667 1832 831 1915 iterumque
846 1833 991 1910 relabens,

147 1930 331 2012 Summaque
347 1929 514 2012 percutiens
528 1929 642 1991 nutanti
657 1945 777 2012 pectora
792 1943 903 2006 mento,

148 2027 290 2090 Excussit
304 2027 424 2090 tetidem
438 2027 493 2090 sibi
507 2047 556 2089 se:
579 2026 737 2110 cubitoque
752 2027 877 2104 levatus,

145 2123 232 2199 Quid
248 2124 348 2186 veniat
365 2123 520 2210 (cognorat
534 2124 629 2206 anun)
646 2124 777 2186 scitatur.
821 2124 865 2186 At
880 2123 945 2188 illa:

148 2223 292 2298 ‘Somne
307 2223 390 2306 quies
405 2243 513 2298 rerum,
528 2221 724 2306 placidissime
740 2221 852 2284 Somne
867 2221 1001 2301 deorum,
1063 2223 1127 2288 260

147 2319 216 2382 Pax
232 2319 332 2395 animi,
348 2341 437 2404 quem
451 2341 522 2383 cura
535 2319 627 2402 lugit3
650 2320 699 2404 qui
713 2320 804 2383 corda
819 2319 928 2384 diurnis

148 2417 244 2481 Fessa
259 2417 423 2482 ministeriis
438 2418 562 2494 mulces,
576 2439 753 2502 reparasque
767 2417 877 2494 labori3

148 2515 282 2591 Somnia,
298 2535 362 2598 quae
377 2535 461 2578 veras
475 2530 592 2598 aequent
606 2516 766 2578 imitamine
781 2513 898 2593 sannas,

148 2611 303 2676 Herculei
316 2611 465 2676 Trachine
476 2612 560 2698 jube,
575 2613 630 2676 sub
644 2613 770 2696 imagine
786 2615 872 2695 regis,

149 2709 328 2792 Halcyoaeu
344 2711 461 2786 adeant,
477 2710 690 2794 simulacraque
705 2709 845 2793 nauli-aga
858 2713 979 2793 lingant.
1062 2705 1127 2776 965

148 2808 281 2891 Imperat
296 2809 354 2874 hoo
367 2807 470 2872 luno?
515 2807 678 2892 Postquam
694 2809 832 2871 mandata
845 2809 960 2891 peregit

149 2905 213 2982 Iris,
229 2906 306 2968 abit:
329 2927 427 2990 neque
442 2906 522 2970 enim
537 2906 658 2969 ulterilu
671 2905 797 2968 tolerare
812 2905 928 2988 vaporis

109 3019 114 3029 ¹
150 3002 223 3068 Vim
238 3016 363 3086 poterat.
409 3003 544 3088 Labiquc
560 3015 593 3066 ut
606 3025 741 3066 somnum
756 3003 845 3068 sensit
860 3003 890 3066 in
904 3017 994 3083 arura,

147 3099 282 3184 Effirgi13
305 3114 335 3162 ct
349 3115 462 3164 remeat
477 3123 531 3184 per
545 3121 618 3185 quos
632 3099 722 3164 modo
735 3117 857 3165 venerat
870 3123 966 3168 amru.

192 3199 236 3261 At
251 3211 336 3282 pater
351 3219 368 3259 e
383 3200 495 3282 populo
509 3213 644 3262 natorum
659 3198 739 3262 mille
755 3221 874 3264 suorum
1063 3203 1128 3267 atu

150 3295 273 3358 Excitat
288 3295 440 3372 artificem,
455 3297 713 3380 simulatoremque
728 3297 836 3379 figure,

6 3465 7 3468 Ἴ
96 3437 100 3445 -
150 3391 310 3476 Morphea.
357 3392 428 3460 Non
443 3393 492 3458 illo
503 3394 599 3478 jussos
614 3395 748 3458 solertius
764 3395 837 3459 alter

55 3513 60 3520 ·
151 3489 301 3574 Exprimit
317 3492 459 3568 incessus,
476 3493 647 3576 vultumque
662 3513 827 3578 sonumque
841 3493 993 3578 loquendi.

154 3587 262 3672 adjicit
277 3603 309 3650 et
324 3604 433 3666 vestes,
447 3604 479 3652 et
492 3590 715 3652 coruuetissima
728 3591 836 3673 cuique

454 3691 493 3750 10
