2568 4248
180 385 242 448 112
491 385 837 440 Menanderttosnou

178 537 229 617 Et,
244 539 306 602 sine
321 559 381 616 me,
396 559 445 602 rne
460 551 567 622 pontus
582 537 682 599 habet.
727 534 886 598 Crudelior
898 533 964 618 ipso

176 635 221 698 Sit
237 637 309 698 mihi
323 657 407 698 mens
422 636 537 718 pelago,
553 636 576 698 si
592 634 682 697 vitam
697 633 806 695 ducere
820 633 896 695 nitar

177 732 319 814 longius,
334 744 367 795 et
380 747 462 795 tanto
477 753 607 816 pugnem
622 751 776 814 superesse
792 729 893 792 dolori.
1091 729 1158 792 340

176 830 238 894 Sed
253 851 351 914 neque
366 831 505 915 pugnabo
515 852 531 905 :s
546 851 602 892 nec
615 844 658 906 te,
672 829 847 905 miserande,
863 828 1044 912 relinquam:

176 925 219 991 Et
233 929 285 991 tibi
299 949 378 992 nunc
392 929 495 990 saltem
513 927 629 989 veniam
643 947 760 988 comes:
784 925 873 1008 inque
888 926 1035 1009 sepulum,

177 1025 209 1088 Si
225 1048 284 1088 non
299 1045 382 1101 urna,
397 1038 496 1087 tamen
507 1023 612 1109 junget
627 1045 680 1085 nos
694 1023 796 1099 litera3
818 1023 842 1084 si
858 1043 915 1085 non

177 1121 302 1186 Ossibus
317 1143 383 1185 ossa
397 1121 481 1197 meis,
497 1136 526 1183 at
540 1141 648 1182 nornen
662 1121 781 1184 nomine
796 1120 936 1203 tangam!

177 1219 269 1282 Plura
284 1219 367 1282 dolor
381 1219 534 1302 probibet3
557 1219 706 1304 verboque
721 1217 877 1281 intervenit
890 1217 970 1280 omni
1087 1219 1154 1281 345

103 1389 122 1398 ,
177 1315 324 1399 Plangor:
348 1330 378 1379 et
393 1315 516 1379 attonito
530 1317 656 1398 gemitus
671 1337 688 1378 e
703 1316 792 1396 corde
807 1316 970 1378 trahuntur.

219 1413 312 1476 Mane
327 1427 405 1477 erat:
429 1413 576 1496 egreditur
589 1413 675 1476 tectis
689 1414 727 1476 ad
742 1413 840 1476 littus:
863 1425 892 1476 et
909 1413 989 1476 illum

177 1509 290 1573 Moesta
303 1511 403 1572 locum
418 1511 535 1594 repetit,
551 1511 589 1573 de
605 1533 663 1594 quo
677 1510 825 1594 spectrirat
839 1524 970 1574 euntem.

76 1609 79 1614 '
177 1607 331 1691 Dumque,
347 1606 500 1673 ‘Moratns
515 1608 554 1671 ibi
565 1608 584 1684 ;'
606 1608 748 1692 dumque,
763 1607 842 1671 ‘Hic
856 1607 1019 1671 retinacula
1031 1607 1131 1685 solvit,
1147 1611 1150 1618 '

177 1703 246 1768 Hoc
260 1705 332 1768 mihi
347 1706 502 1768 discedens
518 1705 598 1768 dedit
612 1706 714 1769 oscula
727 1706 845 1782 littore,'
856 1704 936 1783 dicit,
1086 1707 1152 1769 350

180 1802 336 1887 [Dumque
350 1819 450 1868 notana
463 1804 555 1867 oculis
570 1803 762 1866 reminiscitur
775 1817 851 1880 acta,
866 1802 1045 1888 fretumque]

177 1900 342 1985 Prospicit;
365 1903 394 1964 in
408 1901 529 1986 liquida,
544 1901 638 1985 spatio
653 1901 790 1978 distante,
805 1914 903 1964 tuetur

177 1997 385 2090 Nescio-qnid,
401 2000 483 2084 quasi
496 2020 615 2082 corpus,
630 1999 724 2083 aqud:
747 1999 912 2083 primoque,
928 1997 997 2082 quid
1012 1997 1083 2061 illud

178 2096 276 2174 Esset,
293 2111 355 2161 erat
370 2098 502 2161 dubium.
547 2096 711 2181 Postquam
726 2096 815 2179 paulb
829 2096 943 2180 appulit
957 2095 1036 2158 unda
1044 2117 1054 2175 3

161 2195 229 2272 Et,
245 2199 379 2280 quamvis
394 2199 504 2273 aberat,
518 2216 626 2279 corpus
640 2208 738 2256 tamen
754 2215 819 2257 esse
833 2193 962 2278 liquebat
972 2178 995 2272 ;l
1086 2197 1152 2260 355

176 2292 241 2367 Qui
256 2293 341 2370 soret,
357 2295 502 2376 ignorans,
519 2295 587 2378 quia
601 2291 767 2374 naufragus,
781 2292 879 2356 omine
894 2307 974 2356 mota
987 2305 1043 2370 est,
1100 2307 1102 2312 '

177 2387 218 2450 Et
244 2403 384 2474 tanquam
410 2391 509 2473 ignoto
537 2391 699 2473 lacrymam
728 2391 821 2468 daret,
846 2389 946 2469 ‘Heu,
971 2390 1081 2467 miser,’
1106 2390 1153 2454 in-

305 2487 379 2569 quit,

177 2581 340 2668 ‘Quisquis
355 2605 397 2661 es,
414 2599 444 2647 et
467 2585 490 2648 si
515 2607 573 2669 qua
596 2599 640 2648 est
662 2584 772 2671 conjux
795 2585 847 2648 tibi
860 2585 878 2649 1’
923 2583 1079 2650 Fluctibus
1101 2607 1152 2648 ac·

305 2695 369 2744 tuln

175 2778 227 2844 Fit
242 2782 361 2866 propius
376 2802 493 2865 corpus.
538 2778 631 2854 Quod
647 2801 706 2864 quo
720 2779 812 2862 magis
827 2779 875 2842 illa
889 2793 998 2859 tuetur,

175 2877 245 2942 Hoc
260 2880 367 2955 minius,
381 2891 411 2942 et
426 2879 521 2942 minbs
536 2891 581 2941 est
596 2899 697 2940 amens
711 2899 773 2940 sua.
817 2876 946 2962 Jamque
961 2878 1134 2964 propinque
1148 2915 1194 2942 x

175 2975 341 3039 Admotum
356 2988 448 3050 terrae,
460 2975 523 3059 jam
538 2975 616 3059 quod
632 2995 811 3057 cognoscere
826 2989 936 3059 posset,
1085 2978 1149 3041 361

175 3070 292 3134 Gemit.
337 3071 411 3133 Erat
424 3072 544 3154 conjux.
590 3079 599 3108 ‘
609 3071 664 3132 llle
679 3073 745 3150 est,'
761 3074 926 3136 exclamat:
949 3087 979 3135 et
992 3072 1055 3136 unit

174 3166 247 3243 Ora,
262 3189 372 3244 comas,
388 3181 501 3229 vestem
516 3167 642 3232 lacerat:
664 3171 849 3254 tendensque
863 3183 1022 3234 trementes

174 3265 225 3329 Ad
242 3263 348 3348 Ceyca
363 3285 476 3341 manus,
491 3264 571 3342 ‘Sic,
586 3286 605 3326 o
619 3267 766 3330 carissime
780 3267 901 3351 conjux,

174 3361 225 3426 Sic
240 3362 277 3423 ad
292 3381 351 3438 me,
367 3361 542 3438 miserande,
557 3362 634 3432 redis
644 3363 666 3424 ?'
689 3365 738 3428 ait.
783 3364 914 3449 Adiacet
927 3363 1013 3428 undis
1087 3367 1152 3430 365

174 3457 270 3524 Facta
283 3481 372 3522 manu
387 3459 497 3522 moles:
522 3481 584 3542 quc
601 3459 707 3544 primas
723 3463 844 3545 equoris
860 3463 915 3525 iras
