2572 4242
201 406 245 478 §0
520 404 869 456 Marartottt’ttosuort

201 560 337 645 Parsque
347 558 452 644 jacens
467 557 607 634 humeris,
622 577 689 640 pars
703 555 817 622 circum
830 569 965 638 tempora
978 555 1069 638 lapse

201 657 294 722 sibila
307 655 389 733 dant,
404 655 576 737 saniemque
593 667 726 728 vomunt,
741 654 916 736 linguasque
930 665 1099 716 conteeant.

201 753 276 818 Inde
292 754 366 817 duos
380 751 485 816 mediis
499 752 646 834 abrumpit
660 752 788 814 crinibus
803 771 933 834 angues3
1129 751 1199 813 175

202 849 408 934 Pestisertique
422 870 512 912 manu
527 863 626 930 raptos
642 849 773 910 immisit.
818 849 861 910 At
876 848 918 910 illi

201 946 351 1032 Inoiisque
365 946 446 1010 sinus
461 947 737 1029 Athamanteosque
749 960 917 1028 pererrent;

201 1043 408 1130 inspirantque
422 1065 527 1126 graves
542 1044 671 1105 animas:
694 1063 750 1106 nec
767 1043 888 1105 vulnera
902 1042 1043 1106 membris

201 1139 274 1206 Ulla
288 1140 406 1205 serunt:
428 1162 513 1204 ruens
527 1153 583 1216 est,
599 1161 664 1223 quae
680 1139 758 1202 diros
772 1140 878 1203 sentiat
892 1140 979 1204 ictus..

202 1239 353 1304 Attulerat
367 1261 470 1302 secum
485 1236 587 1321 liquidi
604 1258 722 1320 quoque
737 1252 865 1300 monstra
881 1237 1000 1314 veneni,
1129 1240 1195 1302 teo

201 1337 272 1400 Oris
286 1335 433 1401 Cerberei
446 1356 578 1419 spumas,
592 1348 622 1397 et
639 1335 718 1396 virus
733 1333 895 1410 Echidnae;

202 1433 385 1519 Enoresque
402 1453 503 1516 vagos,
517 1453 663 1516 oaecaeque
679 1432 788 1494 oblivia
806 1433 924 1508 mentis,

202 1531 245 1596 Et
258 1532 366 1609 scelus,
381 1545 412 1595 et
426 1532 582 1614 lacrymas,
598 1531 780 1613 rabiemque,
796 1545 827 1592 et
841 1531 928 1593 caedis
942 1551 1098 1610 amorem;

201 1632 314 1696 Omnia
327 1632 395 1695 trita
408 1632 512 1694 simul:
537 1653 612 1714 quae,
628 1632 770 1714 sanguine
785 1631 870 1692 mista
879 1631 1007 1708 recenti,

201 1729 336 1795 Coxerat
351 1752 406 1794 ere
420 1752 506 1808 cavo,
523 1731 607 1794 viridi
619 1745 733 1793 versata
747 1729 855 1792 cicutd.
1044 1777 1046 1782 .
1130 1733 1196 1795 185

201 1827 345 1914 Dumque
360 1845 472 1914 pavent
486 1829 547 1906 illi;
571 1829 657 1892 vertit
672 1827 773 1890 furiale
789 1848 937 1889 venenum

201 1921 314 1996 Peclus
328 1927 358 1991 in
372 1928 537 2004 amborum,
554 1926 772 2010 pracordiaque
789 1925 889 1986 intima
903 1925 1007 1987 movit.

201 2022 284 2088 Tum
298 2023 363 2089 sace
373 2023 485 2110 jactati
501 2047 555 2108 per
569 2025 698 2086 eundem
714 2022 819 2105 sapius
833 2021 947 2098 orbem,

202 2121 405 2207 Consequitur
418 2138 516 2186 motos
532 2122 675 2185 velociter
689 2122 802 2202 ignibus
818 2118 913 2201 ignes.

202 2219 254 2282 Sic
270 2220 386 2296 victrix,
396 2220 530 2305 jussique
546 2235 663 2302 potone,
679 2219 715 2280 ad
731 2219 827 2280 inania
842 2217 940 2299 magni
1129 2223 1195 2285 lffl

202 2315 311 2397 Regna
324 2318 401 2380 redit
417 2317 512 2380 Ditis:
537 2335 746 2398 sumptumque
762 2316 920 2397 recingitur
934 2337 1074 2399 anguem.
1089 2345 1099 2376 a
1114 2363 1119 2372 .

244 2410 384 2476 Protinus
398 2413 533 2476 AEolides
548 2414 647 2475 media
661 2411 833 2475 furibundus
848 2415 878 2477 in
893 2414 961 2476 aulai

202 2508 334 2586 Clamat,
349 2507 417 2587 ‘Iii,
429 2510 564 2586 comites,
580 2511 624 2572 his
639 2511 713 2574 retia
729 2512 841 2574 tendite
856 2512 954 2575 silvis:

201 2604 263 2670 Hic
277 2607 369 2670 modi)
383 2629 453 2671 cum
466 2609 586 2690 geminii
600 2610 661 2672 visa
676 2626 721 2672 est
736 2612 808 2674 milri
824 2612 907 2694 prole
923 2611 1038 2673 leaena'

201 2702 304 2790 thue
320 2703 398 2784 ferte,
413 2705 545 2791 sequitur
559 2710 682 2791 vestigia
696 2702 828 2794 conjugis
844 2731 962 2772 amens:
1127 2712 1192 2774 195

201 2801 312 2889 Deque
327 2805 393 2870 sinu
407 2806 507 2870 matris
522 2807 678 2887 ridentem,
690 2823 721 2871 ct
736 2830 827 2892 parva
842 2807 1013 2869 Learchum

199 2899 332 2966 Brachia
344 2903 528 2983 tendenlem,
543 2908 628 2990 rapit,
645 2922 674 2969 et
689 2909 733 2969 bis
749 2921 853 2990 terque
870 2927 923 2989 per
938 2925 1022 2966 auras

200 2997 288 3061 More
303 3013 378 3062 rotat
392 3001 508 3064 lunden:
533 3007 685 3087 rigidoque
701 3005 822 3067 infantia
836 3026 909 3066 saxo
974 3045 977 3052 ·

200 3093 331 3159 Discutit
346 3117 412 3158 ossa
427 3097 521 3159 serox.
567 3099 647 3161 Tum
664 3102 792 3184 denique
807 3103 923 3164 concita
936 3117 1040 3175 mater,

202 3191 280 3275 (Seu
295 3192 378 3255 dolor
392 3195 449 3257 hoc
465 3194 545 3270 fecit,
560 3217 612 3257 seu
628 3199 721 3278 sparsi
738 3221 828 3262 eausa
844 3199 952 3262 veneni
963 3197 987 3284 3)
1123 3203 1191 3265 200

200 3287 345 3353 Exululat
354 3312 363 3367 ;
384 3293 537 3375 passisque
553 3291 626 3374 sugit
640 3294 719 3354 male
734 3317 805 3358 sana
820 3298 951 3378 capillis:

198 3385 307 3473 Teque
323 3386 419 3452 ferens
433 3411 557 3472 parvum
572 3390 669 3466 nudie,
685 3389 853 3468 Melicerta,
868 3394 995 3473 lacertis,

199 3483 316 3566 ‘Evoe,
330 3485 476 3564 Bacche:
491 3501 586 3551 sonat.
630 3487 748 3552 Bacchi
762 3489 816 3552 sub
831 3491 950 3552 nomine
965 3491 1045 3555 Juno

199 3580 296 3659 Risit:
319 3597 360 3665 et,
376 3590 385 3621 ‘
394 3581 460 3658 Hos
474 3605 545 3648 usus
560 3601 677 3682 prestet
693 3587 766 3666 tibi,'
783 3587 867 3666 dixit,
884 3587 1060 3666 ‘alumnus’
