<?xml version="1.0" encoding="UTF-8"?>
<!DOCTYPE html PUBLIC "-//W3C//DTD XHTML 1.0 Transitional//EN"
    "http://www.w3.org/TR/xhtml1/DTD/xhtml1-transitional.dtd">
<html xmlns="http://www.w3.org/1999/xhtml" xml:lang="en" lang="en">
 <head>
  <title>
</title>
<meta http-equiv="Content-Type" content="text/html;charset=utf-8" />
  <meta name='ocr-system' content='tesseract 3.04.00' />
  <meta name='ocr-capabilities' content='ocr_page ocr_carea ocr_par ocr_line ocrx_word'/>
</head>
<body>
  <div class='ocr_page' id='page_1' title='image "./excerptaexscrip01ovidgoog_0134.png"; bbox 0 0 2568 4248; ppageno 0'>
   <div class='ocr_carea' id='block_1_1' title="bbox 203 424 839 488">
    <p class='ocr_par' dir='ltr' id='par_1_1' title="bbox 203 424 839 488">
     <span class='ocr_line' id='line_1_1' title="bbox 203 424 839 488; baseline -0.024 0"><span class='ocrx_word' id='word_1_1' title='bbox 203 424 265 488; x_wconf 67' lang='lat' dir='ltr'><strong>ru</strong></span> <span class='ocrx_word' id='word_1_2' title='bbox 493 425 839 481; x_wconf 76' lang='lat' dir='ltr'><strong>rruuruonruosuou</strong></span> 
     </span>
    </p>
   </div>
   <div class='ocr_carea' id='block_1_2' title="bbox 191 572 1276 3677">
    <p class='ocr_par' dir='ltr' id='par_1_2' title="bbox 198 572 979 662">
     <span class='ocr_line' id='line_1_2' title="bbox 198 572 979 662; baseline -0.008 -18"><span class='ocrx_word' id='word_1_3' title='bbox 198 577 304 644; x_wconf 76' lang='lat' dir='ltr'><strong>Mente</strong></span> <span class='ocrx_word' id='word_1_4' title='bbox 319 576 413 643; x_wconf 83' lang='lat' dir='ltr'><strong>serant</strong></span> <span class='ocrx_word' id='word_1_5' title='bbox 428 577 560 662; x_wconf 68' lang='lat' dir='ltr'><strong>placide:</strong></span> <span class='ocrx_word' id='word_1_6' title='bbox 584 575 678 640; x_wconf 88' lang='lat' dir='ltr'><strong>doceo</strong></span> <span class='ocrx_word' id='word_1_7' title='bbox 692 595 753 658; x_wconf 90' lang='lat' dir='ltr'><strong>quo</strong></span> <span class='ocrx_word' id='word_1_8' title='bbox 766 575 857 637; x_wconf 79' lang='lat' dir='ltr'><strong>sinus</strong></span> <span class='ocrx_word' id='word_1_9' title='bbox 870 572 979 652; x_wconf 86' lang='lat' dir='ltr'><strong>alendi,</strong></span> 
     </span>
    </p>

    <p class='ocr_par' dir='ltr' id='par_1_3' title="bbox 197 671 1276 853">
     <span class='ocr_line' id='line_1_3' title="bbox 197 671 1179 756; baseline -0.006 -16"><span class='ocrx_word' id='word_1_10' title='bbox 197 675 379 740; x_wconf 80' lang='lat' dir='ltr'><strong>Armaudiue</strong></span> <span class='ocrx_word' id='word_1_11' title='bbox 393 675 502 738; x_wconf 88' lang='lat' dir='ltr'><strong>modo:</strong></span> <span class='ocrx_word' id='word_1_12' title='bbox 526 674 626 736; x_wconf 91' lang='lat' dir='ltr'><strong>mittor</strong></span> <span class='ocrx_word' id='word_1_13' title='bbox 640 671 700 756; x_wconf 83' lang='lat' dir='ltr'><strong>qud</strong></span> <span class='ocrx_word' id='word_1_14' title='bbox 714 671 842 754; x_wconf 86' lang='lat' dir='ltr'><strong>postulet</strong></span> <span class='ocrx_word' id='word_1_15' title='bbox 856 691 936 733; x_wconf 90' lang='lat' dir='ltr'><strong>usus.</strong></span> <span class='ocrx_word' id='word_1_16' title='bbox 1118 675 1179 734; x_wconf 70' lang='lat'><strong>215</strong></span> 
     </span>
     <span class='ocr_line' id='line_1_4' title="bbox 240 767 1276 853; baseline -0.009 -17"><span class='ocrx_word' id='word_1_17' title='bbox 240 771 324 836; x_wconf 77' lang='lat' dir='ltr'><strong>Ecce</strong></span> <span class='ocrx_word' id='word_1_18' title='bbox 340 771 425 835; x_wconf 89' lang='lat' dir='ltr'><strong>Jovis</strong></span> <span class='ocrx_word' id='word_1_19' title='bbox 440 772 563 847; x_wconf 91' lang='lat' dir='ltr'><strong>monitu,</strong></span> <span class='ocrx_word' id='word_1_20' title='bbox 579 769 723 853; x_wconf 82' lang='lat' dir='ltr'><strong>deceptus</strong></span> <span class='ocrx_word' id='word_1_21' title='bbox 737 767 864 850; x_wconf 76' lang='lat' dir='ltr'><strong>imagine</strong></span> <span class='ocrx_word' id='word_1_22' title='bbox 878 768 984 844; x_wconf 85' lang='lat' dir='ltr'><strong>somni,</strong></span> <span class='ocrx_word' id='word_1_23' title='bbox 1275 777 1276 792; x_wconf 65' lang='lat'>¹</span> 
     </span>
    </p>

    <p class='ocr_par' dir='ltr' id='par_1_4' title="bbox 197 865 862 956">
     <span class='ocr_line' id='line_1_5' title="bbox 197 865 862 956; baseline -0.011 -22"><span class='ocrx_word' id='word_1_24' title='bbox 197 868 271 934; x_wconf 85' lang='lat' dir='ltr'><strong>Rex</strong></span> <span class='ocrx_word' id='word_1_25' title='bbox 281 868 368 956; x_wconf 90' lang='lat' dir='ltr'><strong>jubet</strong></span> <span class='ocrx_word' id='word_1_26' title='bbox 382 869 492 952; x_wconf 85' lang='lat' dir='ltr'>incepti</span> <span class='ocrx_word' id='word_1_27' title='bbox 506 889 606 930; x_wconf 88' lang='lat' dir='ltr'><strong>curam</strong></span> <span class='ocrx_word' id='word_1_28' title='bbox 621 865 767 928; x_wconf 76' lang='lat' dir='ltr'>dimittere</span> <span class='ocrx_word' id='word_1_29' title='bbox 781 865 862 928; x_wconf 88' lang='lat' dir='ltr'><strong>belli.</strong></span> 
     </span>
    </p>

    <p class='ocr_par' dir='ltr' id='par_1_5' title="bbox 197 961 916 1050">
     <span class='ocr_line' id='line_1_6' title="bbox 197 961 916 1050; baseline -0.006 -22"><span class='ocrx_word' id='word_1_30' title='bbox 197 963 252 1030; x_wconf 90' lang='lat' dir='ltr'><strong>llle</strong></span> <span class='ocrx_word' id='word_1_31' title='bbox 267 979 366 1050; x_wconf 83' lang='lat' dir='ltr'><strong>potest</strong></span> <span class='ocrx_word' id='word_1_32' title='bbox 380 980 500 1030; x_wconf 86' lang='lat' dir='ltr'><strong>auctore</strong></span> <span class='ocrx_word' id='word_1_33' title='bbox 515 987 598 1026; x_wconf 86' lang='lat' dir='ltr'><strong>suum</strong></span> <span class='ocrx_word' id='word_1_34' title='bbox 613 961 772 1025; x_wconf 81' lang='lat' dir='ltr'><strong>defendere</strong></span> <span class='ocrx_word' id='word_1_35' title='bbox 786 979 916 1026; x_wconf 86' lang='lat' dir='ltr'><strong>causam.</strong></span> 
     </span>
    </p>

    <p class='ocr_par' dir='ltr' id='par_1_6' title="bbox 198 1058 1033 1146">
     <span class='ocr_line' id='line_1_7' title="bbox 198 1058 1033 1146; baseline -0.005 -19"><span class='ocrx_word' id='word_1_36' title='bbox 198 1060 270 1127; x_wconf 81' lang='lat' dir='ltr'><strong>Non</strong></span> <span class='ocrx_word' id='word_1_37' title='bbox 283 1063 360 1125; x_wconf 87' lang='lat' dir='ltr'><strong>sinat</strong></span> <span class='ocrx_word' id='word_1_38' title='bbox 374 1063 432 1126; x_wconf 90' lang='lat' dir='ltr'><strong>hoc</strong></span> <span class='ocrx_word' id='word_1_39' title='bbox 446 1061 538 1146; x_wconf 88' lang='lat' dir='ltr'><strong>Ajax,</strong></span> <span class='ocrx_word' id='word_1_40' title='bbox 553 1060 737 1142; x_wconf 86' lang='lat' dir='ltr'><strong>delendaque</strong></span> <span class='ocrx_word' id='word_1_41' title='bbox 751 1058 898 1141; x_wconf 85' lang='lat' dir='ltr'><strong>Pergama</strong></span> <span class='ocrx_word' id='word_1_42' title='bbox 912 1072 1033 1143; x_wconf 80' lang='lat' dir='ltr'><strong>poscet:</strong></span> 
     </span>
    </p>

    <p class='ocr_par' dir='ltr' id='par_1_7' title="bbox 199 1155 1178 1244">
     <span class='ocr_line' id='line_1_8' title="bbox 199 1155 1178 1244; baseline -0.002 -21"><span class='ocrx_word' id='word_1_43' title='bbox 199 1156 352 1244; x_wconf 85' lang='lat' dir='ltr'><strong>Quodque</strong></span> <span class='ocrx_word' id='word_1_44' title='bbox 367 1173 475 1242; x_wconf 70' lang='lat' dir='ltr'><strong>potest,</strong></span> <span class='ocrx_word' id='word_1_45' title='bbox 491 1171 611 1240; x_wconf 83' lang='lat' dir='ltr'><strong>pugnet.</strong></span> <span class='ocrx_word' id='word_1_46' title='bbox 657 1155 722 1219; x_wconf 90' lang='lat' dir='ltr'><strong>Cur</strong></span> <span class='ocrx_word' id='word_1_47' title='bbox 736 1173 796 1218; x_wconf 85' lang='lat' dir='ltr'><strong>nou</strong></span> <span class='ocrx_word' id='word_1_48' title='bbox 809 1170 969 1218; x_wconf 89' lang='lat' dir='ltr'><strong>remoratur</strong></span> <span class='ocrx_word' id='word_1_49' title='bbox 982 1157 1099 1220; x_wconf 79' lang='lat' dir='ltr'><strong>ituros?</strong></span> <span class='ocrx_word' id='word_1_50' title='bbox 1113 1161 1178 1222; x_wconf 69' lang='lat'><strong>220</strong></span> 
     </span>
    </p>

    <p class='ocr_par' dir='ltr' id='par_1_8' title="bbox 198 1253 1123 1338">
     <span class='ocr_line' id='line_1_9' title="bbox 198 1253 1123 1338; baseline -0.005 -16"><span class='ocrx_word' id='word_1_51' title='bbox 198 1255 264 1324; x_wconf 83' lang='lat' dir='ltr'><strong>Cur</strong></span> <span class='ocrx_word' id='word_1_52' title='bbox 276 1277 336 1320; x_wconf 90' lang='lat' dir='ltr'><strong>nou</strong></span> <span class='ocrx_word' id='word_1_53' title='bbox 350 1277 431 1318; x_wconf 85' lang='lat' dir='ltr'><strong>anna</strong></span> <span class='ocrx_word' id='word_1_54' title='bbox 444 1255 543 1338; x_wconf 87' lang='lat' dir='ltr'><strong>capit?</strong></span> <span class='ocrx_word' id='word_1_55' title='bbox 587 1254 660 1331; x_wconf 90' lang='lat' dir='ltr'><strong>Dat,</strong></span> <span class='ocrx_word' id='word_1_56' title='bbox 676 1253 755 1337; x_wconf 94' lang='lat' dir='ltr'><strong>quod</strong></span> <span class='ocrx_word' id='word_1_57' title='bbox 769 1274 844 1334; x_wconf 82' lang='lat' dir='ltr'><strong>vaga</strong></span> <span class='ocrx_word' id='word_1_58' title='bbox 859 1253 944 1314; x_wconf 87' lang='lat' dir='ltr'><strong>turba</strong></span> <span class='ocrx_word' id='word_1_59' title='bbox 957 1257 1123 1337; x_wconf 77' lang='lat' dir='ltr'><strong>sequatur?</strong></span> 
     </span>
    </p>

    <p class='ocr_par' dir='ltr' id='par_1_9' title="bbox 198 1347 1067 1436">
     <span class='ocr_line' id='line_1_10' title="bbox 198 1347 1067 1436; baseline -0.006 -19"><span class='ocrx_word' id='word_1_60' title='bbox 198 1350 268 1417; x_wconf 81' lang='lat' dir='ltr'><strong>Non</strong></span> <span class='ocrx_word' id='word_1_61' title='bbox 283 1366 347 1414; x_wconf 90' lang='lat' dir='ltr'><strong>erat</strong></span> <span class='ocrx_word' id='word_1_62' title='bbox 359 1351 417 1414; x_wconf 89' lang='lat' dir='ltr'><strong>hoc</strong></span> <span class='ocrx_word' id='word_1_63' title='bbox 431 1347 553 1414; x_wconf 86' lang='lat' dir='ltr'><strong>nimium</strong></span> <span class='ocrx_word' id='word_1_64' title='bbox 567 1371 716 1436; x_wconf 90' lang='lat' dir='ltr'><strong>nunquam</strong></span> <span class='ocrx_word' id='word_1_65' title='bbox 732 1349 786 1413; x_wconf 87' lang='lat' dir='ltr'><strong>nisi</strong></span> <span class='ocrx_word' id='word_1_66' title='bbox 801 1369 908 1432; x_wconf 83' lang='lat' dir='ltr'><strong>magna</strong></span> <span class='ocrx_word' id='word_1_67' title='bbox 922 1350 1067 1434; x_wconf 86' lang='lat' dir='ltr'><strong>loquenti.</strong></span> 
     </span>
    </p>

    <p class='ocr_par' dir='ltr' id='par_1_10' title="bbox 198 1446 1021 1533">
     <span class='ocr_line' id='line_1_11' title="bbox 198 1446 1021 1533; baseline 0 -23"><span class='ocrx_word' id='word_1_68' title='bbox 198 1446 294 1526; x_wconf 85' lang='lat' dir='ltr'><strong>Quid,</strong></span> <span class='ocrx_word' id='word_1_69' title='bbox 308 1447 387 1533; x_wconf 84' lang='lat' dir='ltr'><strong>qudd</strong></span> <span class='ocrx_word' id='word_1_70' title='bbox 401 1462 433 1511; x_wconf 90' lang='lat' dir='ltr'><strong>et</strong></span> <span class='ocrx_word' id='word_1_71' title='bbox 447 1448 510 1531; x_wconf 91' lang='lat' dir='ltr'><strong>ipse</strong></span> <span class='ocrx_word' id='word_1_72' title='bbox 525 1446 621 1530; x_wconf 81' lang='lat' dir='ltr'><strong>sugis?</strong></span> <span class='ocrx_word' id='word_1_73' title='bbox 644 1448 714 1523; x_wconf 85' lang='lat' dir='ltr'><strong>vidi,</strong></span> <span class='ocrx_word' id='word_1_74' title='bbox 730 1447 893 1530; x_wconf 87' lang='lat' dir='ltr'><strong>puduitque</strong></span> <span class='ocrx_word' id='word_1_75' title='bbox 910 1448 1021 1526; x_wconf 89' lang='lat' dir='ltr'><strong>videre,</strong></span> 
     </span>
    </p>

    <p class='ocr_par' dir='ltr' id='par_1_11' title="bbox 197 1543 985 1628">
     <span class='ocr_line' id='line_1_12' title="bbox 197 1543 985 1628; baseline -0.003 -19"><span class='ocrx_word' id='word_1_76' title='bbox 197 1543 280 1609; x_wconf 81' lang='lat' dir='ltr'><strong>Cium</strong></span> <span class='ocrx_word' id='word_1_77' title='bbox 293 1559 325 1608; x_wconf 90' lang='lat' dir='ltr'><strong>tu</strong></span> <span class='ocrx_word' id='word_1_78' title='bbox 340 1558 422 1628; x_wconf 83' lang='lat' dir='ltr'><strong>terga</strong></span> <span class='ocrx_word' id='word_1_79' title='bbox 436 1544 531 1620; x_wconf 85' lang='lat' dir='ltr'><strong>dares,</strong></span> <span class='ocrx_word' id='word_1_80' title='bbox 547 1545 760 1628; x_wconf 84' lang='lat' dir='ltr'><strong>inhonestaque</strong></span> <span class='ocrx_word' id='word_1_81' title='bbox 776 1546 841 1608; x_wconf 87' lang='lat' dir='ltr'><strong>vela</strong></span> <span class='ocrx_word' id='word_1_82' title='bbox 855 1565 985 1628; x_wconf 82' lang='lat' dir='ltr'><strong>parares.</strong></span> 
     </span>
    </p>

    <p class='ocr_par' dir='ltr' id='par_1_12' title="bbox 198 1640 1176 1727">
     <span class='ocr_line' id='line_1_13' title="bbox 198 1640 1176 1727; baseline 0.004 -22"><span class='ocrx_word' id='word_1_83' title='bbox 198 1640 265 1705; x_wconf 89' lang='lat' dir='ltr'><strong>Nec</strong></span> <span class='ocrx_word' id='word_1_84' title='bbox 279 1663 372 1719; x_wconf 89' lang='lat' dir='ltr'><strong>mora,</strong></span> <span class='ocrx_word' id='word_1_85' title='bbox 387 1649 395 1680; x_wconf 85' lang='lat'>‘</span> <span class='ocrx_word' id='word_1_86' title='bbox 408 1641 493 1717; x_wconf 83' lang='lat' dir='ltr'><strong>Quid</strong></span> <span class='ocrx_word' id='word_1_87' title='bbox 508 1641 621 1706; x_wconf 82' lang='lat' dir='ltr'><strong>facitis?</strong></span> <span class='ocrx_word' id='word_1_88' title='bbox 645 1663 709 1727; x_wconf 81' lang='lat' dir='ltr'><strong>quc</strong></span> <span class='ocrx_word' id='word_1_89' title='bbox 725 1663 777 1704; x_wconf 87' lang='lat' dir='ltr'><strong>vos</strong></span> <span class='ocrx_word' id='word_1_90' title='bbox 793 1642 961 1719; x_wconf 88' lang='lat' dir='ltr'><strong>dementia,&#39;</strong></span> <span class='ocrx_word' id='word_1_91' title='bbox 977 1644 1052 1722; x_wconf 82' lang='lat' dir='ltr'><strong>dixi,</strong></span> <span class='ocrx_word' id='word_1_92' title='bbox 1112 1649 1176 1709; x_wconf 63' lang='lat'><strong>225</strong></span> 
     </span>
    </p>

    <p class='ocr_par' dir='ltr' id='par_1_13' title="bbox 197 1738 948 1825">
     <span class='ocr_line' id='line_1_14' title="bbox 197 1738 948 1825; baseline -0.001 -21"><span class='ocrx_word' id='word_1_93' title='bbox 197 1738 367 1817; x_wconf 84' lang='lat' dir='ltr'><strong>‘Concitut,</strong></span> <span class='ocrx_word' id='word_1_94' title='bbox 382 1761 401 1804; x_wconf 91' lang='grc' dir='ltr'>ο</span> <span class='ocrx_word' id='word_1_95' title='bbox 415 1740 497 1818; x_wconf 86' lang='lat' dir='ltr'><strong>socii,</strong></span> <span class='ocrx_word' id='word_1_96' title='bbox 511 1753 629 1825; x_wconf 89' lang='lat' dir='ltr'><strong>captam</strong></span> <span class='ocrx_word' id='word_1_97' title='bbox 644 1739 791 1802; x_wconf 81' lang='lat' dir='ltr'><strong>dimittere</strong></span> <span class='ocrx_word' id='word_1_98' title='bbox 805 1738 948 1824; x_wconf 84' lang='lat' dir='ltr'><strong>Trojam?</strong></span> 
     </span>
    </p>

    <p class='ocr_par' dir='ltr' id='par_1_14' title="bbox 197 1834 1041 1914">
     <span class='ocr_line' id='line_1_15' title="bbox 197 1834 1041 1914; baseline 0.002 -14"><span class='ocrx_word' id='word_1_99' title='bbox 197 1834 320 1912; x_wconf 80' lang='lat' dir='ltr'><strong>Quidve</strong></span> <span class='ocrx_word' id='word_1_100' title='bbox 335 1836 456 1901; x_wconf 90' lang='lat' dir='ltr'><strong>domum</strong></span> <span class='ocrx_word' id='word_1_101' title='bbox 471 1836 550 1900; x_wconf 87' lang='lat' dir='ltr'><strong>sertis</strong></span> <span class='ocrx_word' id='word_1_102' title='bbox 566 1837 691 1913; x_wconf 88' lang='lat' dir='ltr'><strong>decimo,</strong></span> <span class='ocrx_word' id='word_1_103' title='bbox 706 1837 760 1899; x_wconf 90' lang='lat' dir='ltr'><strong>nisi</strong></span> <span class='ocrx_word' id='word_1_104' title='bbox 776 1837 915 1914; x_wconf 87' lang='lat' dir='ltr'><strong>dedecus,</strong></span> <span class='ocrx_word' id='word_1_105' title='bbox 931 1859 1008 1901; x_wconf 88' lang='lat' dir='ltr'><strong>anno</strong></span> <span class='ocrx_word' id='word_1_106' title='bbox 1018 1839 1041 1902; x_wconf 87' lang='lat'><strong>?&#39;</strong></span> 
     </span>
    </p>

    <p class='ocr_par' dir='ltr' id='par_1_15' title="bbox 197 1933 970 2019">
     <span class='ocr_line' id='line_1_16' title="bbox 197 1933 970 2019; baseline 0.004 -23"><span class='ocrx_word' id='word_1_107' title='bbox 197 1933 322 1998; x_wconf 83' lang='lat' dir='ltr'><strong>Talibus</strong></span> <span class='ocrx_word' id='word_1_108' title='bbox 336 1949 425 2019; x_wconf 83' lang='lat' dir='ltr'><strong>atque</strong></span> <span class='ocrx_word' id='word_1_109' title='bbox 440 1935 514 2010; x_wconf 87' lang='lat' dir='ltr'><strong>eliis,</strong></span> <span class='ocrx_word' id='word_1_110' title='bbox 530 1935 559 1996; x_wconf 87' lang='lat' dir='ltr'><strong>in</strong></span> <span class='ocrx_word' id='word_1_111' title='bbox 575 1956 638 2018; x_wconf 84' lang='lat' dir='ltr'><strong>quae</strong></span> <span class='ocrx_word' id='word_1_112' title='bbox 654 1934 737 1996; x_wconf 90' lang='lat' dir='ltr'><strong>dolor</strong></span> <span class='ocrx_word' id='word_1_113' title='bbox 752 1935 815 2017; x_wconf 86' lang='lat' dir='ltr'><strong>ipse</strong></span> <span class='ocrx_word' id='word_1_114' title='bbox 831 1934 970 2000; x_wconf 90' lang='lat' dir='ltr'><strong>disertum</strong></span> 
     </span>
    </p>

    <p class='ocr_par' dir='ltr' id='par_1_16' title="bbox 199 2029 898 2116">
     <span class='ocr_line' id='line_1_17' title="bbox 199 2029 898 2116; baseline -0.003 -20"><span class='ocrx_word' id='word_1_115' title='bbox 199 2029 337 2110; x_wconf 79' lang='lat' dir='ltr'><strong>Fecerat,</strong></span> <span class='ocrx_word' id='word_1_116' title='bbox 352 2053 469 2096; x_wconf 87' lang='lat' dir='ltr'><strong>aversos</strong></span> <span class='ocrx_word' id='word_1_117' title='bbox 484 2029 608 2116; x_wconf 73' lang='lat' dir='ltr'><strong>profugi</strong></span> <span class='ocrx_word' id='word_1_118' title='bbox 623 2031 660 2093; x_wconf 93' lang='lat' dir='ltr'><strong>de</strong></span> <span class='ocrx_word' id='word_1_119' title='bbox 675 2033 768 2094; x_wconf 83' lang='lat' dir='ltr'><strong>classe</strong></span> <span class='ocrx_word' id='word_1_120' title='bbox 784 2033 898 2094; x_wconf 80' lang='lat' dir='ltr'><strong>reduxi.</strong></span> 
     </span>
    </p>

    <p class='ocr_par' dir='ltr' id='par_1_17' title="bbox 198 2127 1173 2212">
     <span class='ocr_line' id='line_1_18' title="bbox 198 2127 1173 2212; baseline 0.003 -20"><span class='ocrx_word' id='word_1_121' title='bbox 198 2127 355 2194; x_wconf 78' lang='lat' dir='ltr'><strong>Convocat</strong></span> <span class='ocrx_word' id='word_1_122' title='bbox 369 2131 490 2194; x_wconf 84' lang='lat' dir='ltr'><strong>Atrides</strong></span> <span class='ocrx_word' id='word_1_123' title='bbox 504 2130 597 2193; x_wconf 88' lang='lat' dir='ltr'><strong>socios</strong></span> <span class='ocrx_word' id='word_1_124' title='bbox 613 2144 720 2192; x_wconf 85' lang='lat' dir='ltr'><strong>terrore</strong></span> <span class='ocrx_word' id='word_1_125' title='bbox 737 2145 899 2212; x_wconf 88' lang='lat' dir='ltr'><strong>paventes:</strong></span> <span class='ocrx_word' id='word_1_126' title='bbox 1109 2134 1173 2195; x_wconf 68' lang='lat'><strong>23⁰</strong></span> 
     </span>
    </p>

    <p class='ocr_par' dir='ltr' id='par_1_18' title="bbox 198 2223 1007 2310">
     <span class='ocr_line' id='line_1_19' title="bbox 198 2223 1007 2310; baseline -0.001 -21"><span class='ocrx_word' id='word_1_127' title='bbox 198 2223 266 2290; x_wconf 86' lang='lat' dir='ltr'><strong>Nec</strong></span> <span class='ocrx_word' id='word_1_128' title='bbox 280 2225 508 2290; x_wconf 79' lang='lat' dir='ltr'><strong>Telamoniades</strong></span> <span class='ocrx_word' id='word_1_129' title='bbox 523 2227 611 2290; x_wconf 89' lang='lat' dir='ltr'><strong>etiam</strong></span> <span class='ocrx_word' id='word_1_130' title='bbox 626 2247 705 2288; x_wconf 86' lang='lat' dir='ltr'><strong>nunc</strong></span> <span class='ocrx_word' id='word_1_131' title='bbox 720 2226 831 2288; x_wconf 90' lang='lat' dir='ltr'><strong>hiscere</strong></span> <span class='ocrx_word' id='word_1_132' title='bbox 847 2227 1007 2310; x_wconf 88' lang='lat' dir='ltr'><strong>quidquam</strong></span> 
     </span>
    </p>

    <p class='ocr_par' dir='ltr' id='par_1_19' title="bbox 197 2317 1062 2406">
     <span class='ocr_line' id='line_1_20' title="bbox 197 2317 1062 2406; baseline -0.002 -20"><span class='ocrx_word' id='word_1_133' title='bbox 197 2324 303 2390; x_wconf 79' lang='lat' dir='ltr'><strong>Ausit:</strong></span> <span class='ocrx_word' id='word_1_134' title='bbox 326 2338 357 2387; x_wconf 87' lang='lat' dir='ltr'><strong>at</strong></span> <span class='ocrx_word' id='word_1_135' title='bbox 371 2345 459 2388; x_wconf 84' lang='lat' dir='ltr'><strong>ausus</strong></span> <span class='ocrx_word' id='word_1_136' title='bbox 474 2339 535 2386; x_wconf 89' lang='lat' dir='ltr'><strong>erat</strong></span> <span class='ocrx_word' id='word_1_137' title='bbox 550 2346 634 2406; x_wconf 84' lang='lat' dir='ltr'><strong>reges</strong></span> <span class='ocrx_word' id='word_1_138' title='bbox 649 2323 795 2386; x_wconf 84' lang='lat' dir='ltr'><strong>incessere</strong></span> <span class='ocrx_word' id='word_1_139' title='bbox 810 2323 893 2385; x_wconf 90' lang='lat' dir='ltr'><strong>dictis</strong></span> <span class='ocrx_word' id='word_1_140' title='bbox 1060 2317 1062 2320; x_wconf 60' lang='grc'>’</span> 
     </span>
    </p>

    <p class='ocr_par' dir='ltr' id='par_1_20' title="bbox 195 2418 1006 2506">
     <span class='ocr_line' id='line_1_21' title="bbox 195 2418 1006 2506; baseline -0.005 -21"><span class='ocrx_word' id='word_1_141' title='bbox 195 2418 361 2496; x_wconf 87' lang='lat' dir='ltr'><strong>Thersites,</strong></span> <span class='ocrx_word' id='word_1_142' title='bbox 377 2421 464 2490; x_wconf 87' lang='lat' dir='ltr'><strong>etiam</strong></span> <span class='ocrx_word' id='word_1_143' title='bbox 481 2442 534 2506; x_wconf 79' lang='lat' dir='ltr'><strong>per</strong></span> <span class='ocrx_word' id='word_1_144' title='bbox 548 2441 596 2482; x_wconf 89' lang='lat' dir='ltr'><strong>me</strong></span> <span class='ocrx_word' id='word_1_145' title='bbox 610 2420 689 2483; x_wconf 89' lang='lat' dir='ltr'><strong>haud</strong></span> <span class='ocrx_word' id='word_1_146' title='bbox 706 2420 837 2502; x_wconf 71' lang='lat' dir='ltr'><strong>impunc,</strong></span> <span class='ocrx_word' id='word_1_147' title='bbox 854 2421 1006 2502; x_wconf 83' lang='lat' dir='ltr'><strong>protervis.</strong></span> 
     </span>
    </p>

    <p class='ocr_par' dir='ltr' id='par_1_21' title="bbox 196 2515 943 2600">
     <span class='ocr_line' id='line_1_22' title="bbox 196 2515 943 2600; baseline -0.001 -21"><span class='ocrx_word' id='word_1_148' title='bbox 196 2515 313 2598; x_wconf 81' lang='lat' dir='ltr'><strong>Erigor,</strong></span> <span class='ocrx_word' id='word_1_149' title='bbox 328 2530 359 2578; x_wconf 88' lang='lat' dir='ltr'><strong>et</strong></span> <span class='ocrx_word' id='word_1_150' title='bbox 372 2517 502 2600; x_wconf 89' lang='lat' dir='ltr'><strong>trepidos</strong></span> <span class='ocrx_word' id='word_1_151' title='bbox 517 2519 598 2580; x_wconf 90' lang='lat' dir='ltr'><strong>cives</strong></span> <span class='ocrx_word' id='word_1_152' title='bbox 614 2518 755 2581; x_wconf 82' lang='lat' dir='ltr'><strong>exhortor</strong></span> <span class='ocrx_word' id='word_1_153' title='bbox 767 2518 797 2579; x_wconf 91' lang='lat' dir='ltr'><strong>in</strong></span> <span class='ocrx_word' id='word_1_154' title='bbox 812 2519 943 2580; x_wconf 88' lang='lat' dir='ltr'><strong>hostem:</strong></span> 
     </span>
    </p>

    <p class='ocr_par' dir='ltr' id='par_1_22' title="bbox 195 2612 1173 2699">
     <span class='ocr_line' id='line_1_23' title="bbox 195 2612 1173 2699; baseline 0.005 -24"><span class='ocrx_word' id='word_1_155' title='bbox 195 2612 404 2699; x_wconf 82' lang='lat' dir='ltr'><strong>Arnissamque</strong></span> <span class='ocrx_word' id='word_1_156' title='bbox 419 2613 488 2676; x_wconf 77' lang='lat' dir='ltr'><strong>med</strong></span> <span class='ocrx_word' id='word_1_157' title='bbox 504 2615 641 2678; x_wconf 86' lang='lat' dir='ltr'><strong>virtutem</strong></span> <span class='ocrx_word' id='word_1_158' title='bbox 656 2636 730 2676; x_wconf 87' lang='lat' dir='ltr'><strong>voce</strong></span> <span class='ocrx_word' id='word_1_159' title='bbox 746 2635 879 2697; x_wconf 80' lang='lat' dir='ltr'><strong>reposco.</strong></span> <span class='ocrx_word' id='word_1_160' title='bbox 1108 2618 1173 2680; x_wconf 67' lang='lat'><strong>235</strong></span> 
     </span>
    </p>

    <p class='ocr_par' dir='ltr' id='par_1_23' title="bbox 194 2709 1033 2798">
     <span class='ocr_line' id='line_1_24' title="bbox 194 2709 1033 2798; baseline -0.007 -18"><span class='ocrx_word' id='word_1_161' title='bbox 194 2709 347 2798; x_wconf 80' lang='lat' dir='ltr'><strong>Tempore</strong></span> <span class='ocrx_word' id='word_1_162' title='bbox 362 2711 401 2776; x_wconf 49' lang='lat' dir='ltr'><strong>ab¹</strong></span> <span class='ocrx_word' id='word_1_163' title='bbox 413 2713 481 2789; x_wconf 91' lang='lat' dir='ltr'><strong>hoc,</strong></span> <span class='ocrx_word' id='word_1_164' title='bbox 498 2711 694 2796; x_wconf 88' lang='lat' dir='ltr'><strong>quodcunque</strong></span> <span class='ocrx_word' id='word_1_165' title='bbox 710 2726 806 2794; x_wconf 90' lang='lat' dir='ltr'><strong>potest</strong></span> <span class='ocrx_word' id='word_1_166' title='bbox 822 2711 925 2774; x_wconf 80' lang='lat' dir='ltr'><strong>fecisse</strong></span> <span class='ocrx_word' id='word_1_167' title='bbox 942 2711 1033 2774; x_wconf 85' lang='lat' dir='ltr'><strong>videri</strong></span> 
     </span>
    </p>

    <p class='ocr_par' dir='ltr' id='par_1_24' title="bbox 193 2809 1034 2992">
     <span class='ocr_line' id='line_1_25' title="bbox 193 2809 1034 2892; baseline -0.004 -17"><span class='ocrx_word' id='word_1_168' title='bbox 193 2809 325 2876; x_wconf 83' lang='lat' dir='ltr'><strong>Fortiter</strong></span> <span class='ocrx_word' id='word_1_169' title='bbox 339 2811 404 2888; x_wconf 91' lang='lat' dir='ltr'><strong>iste,</strong></span> <span class='ocrx_word' id='word_1_170' title='bbox 419 2832 521 2873; x_wconf 91' lang='lat' dir='ltr'><strong>meum</strong></span> <span class='ocrx_word' id='word_1_171' title='bbox 535 2824 597 2872; x_wconf 88' lang='lat' dir='ltr'><strong>est:</strong></span> <span class='ocrx_word' id='word_1_172' title='bbox 621 2809 670 2892; x_wconf 93' lang='lat' dir='ltr'><strong>qui</strong></span> <span class='ocrx_word' id='word_1_173' title='bbox 685 2809 805 2870; x_wconf 86' lang='lat' dir='ltr'><strong>dantem</strong></span> <span class='ocrx_word' id='word_1_174' title='bbox 820 2823 902 2891; x_wconf 84' lang='lat' dir='ltr'><strong>terga</strong></span> <span class='ocrx_word' id='word_1_175' title='bbox 916 2810 1034 2872; x_wconf 83' lang='lat' dir='ltr'><strong>retraxi.</strong></span> 
     </span>
     <span class='ocr_line' id='line_1_26' title="bbox 237 2906 984 2992; baseline -0.003 -21"><span class='ocrx_word' id='word_1_176' title='bbox 237 2907 376 2991; x_wconf 90' lang='lat' dir='ltr'><strong>Denique</strong></span> <span class='ocrx_word' id='word_1_177' title='bbox 391 2908 429 2970; x_wconf 93' lang='lat' dir='ltr'><strong>de</strong></span> <span class='ocrx_word' id='word_1_178' title='bbox 444 2907 559 2971; x_wconf 90' lang='lat' dir='ltr'><strong>Danais</strong></span> <span class='ocrx_word' id='word_1_179' title='bbox 574 2908 637 2992; x_wconf 90' lang='lat' dir='ltr'><strong>quis</strong></span> <span class='ocrx_word' id='word_1_180' title='bbox 653 2921 682 2969; x_wconf 89' lang='lat' dir='ltr'><strong>te</strong></span> <span class='ocrx_word' id='word_1_181' title='bbox 696 2906 835 2968; x_wconf 88' lang='lat' dir='ltr'><strong>laudatve</strong></span> <span class='ocrx_word' id='word_1_182' title='bbox 850 2906 984 2989; x_wconf 85' lang='lat' dir='ltr'><strong>petitve?</strong></span> 
     </span>
    </p>

    <p class='ocr_par' dir='ltr' id='par_1_25' title="bbox 194 3003 1156 3086">
     <span class='ocr_line' id='line_1_27' title="bbox 194 3003 1156 3086; baseline -0.006 -20"><span class='ocrx_word' id='word_1_183' title='bbox 194 3005 237 3066; x_wconf 79' lang='lat' dir='ltr'><strong>At</strong></span> <span class='ocrx_word' id='word_1_184' title='bbox 251 3025 305 3065; x_wconf 87' lang='lat' dir='ltr'><strong>sua</strong></span> <span class='ocrx_word' id='word_1_185' title='bbox 317 3003 453 3086; x_wconf 81' lang='lat' dir='ltr'><strong>Tydides</strong></span> <span class='ocrx_word' id='word_1_186' title='bbox 468 3027 586 3067; x_wconf 90' lang='lat' dir='ltr'><strong>mecum</strong></span> <span class='ocrx_word' id='word_1_187' title='bbox 600 3004 799 3066; x_wconf 89' lang='lat' dir='ltr'><strong>communicat</strong></span> <span class='ocrx_word' id='word_1_188' title='bbox 814 3017 895 3066; x_wconf 87' lang='lat' dir='ltr'><strong>acta:</strong></span> <span class='ocrx_word' id='word_1_189' title='bbox 1152 3053 1156 3060; x_wconf 93' lang='lat'>.</span> 
     </span>
    </p>

    <p class='ocr_par' dir='ltr' id='par_1_26' title="bbox 192 3097 1172 3182">
     <span class='ocr_line' id='line_1_28' title="bbox 192 3097 1172 3182; baseline 0.005 -22"><span class='ocrx_word' id='word_1_190' title='bbox 192 3097 247 3160; x_wconf 86' lang='lat' dir='ltr'><strong>Me</strong></span> <span class='ocrx_word' id='word_1_191' title='bbox 264 3099 385 3180; x_wconf 90' lang='lat' dir='ltr'><strong>probat:</strong></span> <span class='ocrx_word' id='word_1_192' title='bbox 408 3113 439 3161; x_wconf 91' lang='lat' dir='ltr'><strong>et</strong></span> <span class='ocrx_word' id='word_1_193' title='bbox 453 3101 533 3162; x_wconf 91' lang='lat' dir='ltr'><strong>socio</strong></span> <span class='ocrx_word' id='word_1_194' title='bbox 547 3122 665 3182; x_wconf 90' lang='lat' dir='ltr'><strong>semper</strong></span> <span class='ocrx_word' id='word_1_195' title='bbox 678 3101 798 3163; x_wconf 90' lang='lat' dir='ltr'><strong>conlidit</strong></span> <span class='ocrx_word' id='word_1_196' title='bbox 812 3099 934 3182; x_wconf 87' lang='lat' dir='ltr'><strong>Ulysse.</strong></span> <span class='ocrx_word' id='word_1_197' title='bbox 1106 3103 1172 3165; x_wconf 74' lang='lat'><strong>240</strong></span> 
     </span>
    </p>

    <p class='ocr_par' dir='ltr' id='par_1_27' title="bbox 193 3193 925 3280">
     <span class='ocr_line' id='line_1_29' title="bbox 193 3193 925 3280; baseline -0.005 -18"><span class='ocrx_word' id='word_1_198' title='bbox 193 3193 251 3262; x_wconf 66' lang='lat' dir='ltr'><strong>Fet</strong></span> <span class='ocrx_word' id='word_1_199' title='bbox 263 3194 383 3278; x_wconf 87' lang='lat' dir='ltr'><strong>aliquid,</strong></span> <span class='ocrx_word' id='word_1_200' title='bbox 398 3197 435 3258; x_wconf 93' lang='lat' dir='ltr'><strong>de</strong></span> <span class='ocrx_word' id='word_1_201' title='bbox 450 3210 494 3260; x_wconf 87' lang='lat' dir='ltr'><strong>tot</strong></span> <span class='ocrx_word' id='word_1_202' title='bbox 508 3196 666 3280; x_wconf 87' lang='lat' dir='ltr'><strong>Grajorum</strong></span> <span class='ocrx_word' id='word_1_203' title='bbox 680 3198 818 3272; x_wconf 87' lang='lat' dir='ltr'><strong>millibus,</strong></span> <span class='ocrx_word' id='word_1_204' title='bbox 833 3219 925 3258; x_wconf 89' lang='lat' dir='ltr'><strong>unum</strong></span> 
     </span>
    </p>

    <p class='ocr_par' dir='ltr' id='par_1_28' title="bbox 192 3291 932 3378">
     <span class='ocr_line' id='line_1_30' title="bbox 192 3291 932 3378; baseline 0.003 -24"><span class='ocrx_word' id='word_1_205' title='bbox 192 3292 223 3354; x_wconf 75' lang='lat' dir='ltr'>A</span> <span class='ocrx_word' id='word_1_206' title='bbox 237 3291 387 3355; x_wconf 89' lang='lat' dir='ltr'><strong>Diomede</strong></span> <span class='ocrx_word' id='word_1_207' title='bbox 402 3293 471 3376; x_wconf 81' lang='lat' dir='ltr'><strong>legi.</strong></span> <span class='ocrx_word' id='word_1_208' title='bbox 516 3291 583 3356; x_wconf 87' lang='lat' dir='ltr'><strong>Nec</strong></span> <span class='ocrx_word' id='word_1_209' title='bbox 598 3316 647 3356; x_wconf 89' lang='lat' dir='ltr'><strong>me</strong></span> <span class='ocrx_word' id='word_1_210' title='bbox 661 3316 723 3356; x_wconf 90' lang='lat' dir='ltr'><strong>sors</strong></span> <span class='ocrx_word' id='word_1_211' title='bbox 738 3295 779 3366; x_wconf 83' lang='lat' dir='ltr'><strong>ire</strong></span> <span class='ocrx_word' id='word_1_212' title='bbox 791 3294 932 3378; x_wconf 88' lang='lat' dir='ltr'><strong>jubebat:</strong></span> 
     </span>
    </p>

    <p class='ocr_par' dir='ltr' id='par_1_29' title="bbox 192 3387 986 3475">
     <span class='ocr_line' id='line_1_31' title="bbox 192 3387 986 3475; baseline 0.006 -25"><span class='ocrx_word' id='word_1_213' title='bbox 192 3387 243 3452; x_wconf 87' lang='lat' dir='ltr'><strong>Sic</strong></span> <span class='ocrx_word' id='word_1_214' title='bbox 257 3401 357 3451; x_wconf 88' lang='lat' dir='ltr'><strong>tamen</strong></span> <span class='ocrx_word' id='word_1_215' title='bbox 372 3403 401 3452; x_wconf 91' lang='lat' dir='ltr'><strong>et</strong></span> <span class='ocrx_word' id='word_1_216' title='bbox 416 3403 516 3474; x_wconf 89' lang='lat' dir='ltr'><strong>spreto</strong></span> <span class='ocrx_word' id='word_1_217' title='bbox 529 3390 682 3474; x_wconf 85' lang='lat' dir='ltr'><strong>noctisque</strong></span> <span class='ocrx_word' id='word_1_218' title='bbox 697 3392 849 3474; x_wconf 83' lang='lat' dir='ltr'><strong>hostisque</strong></span> <span class='ocrx_word' id='word_1_219' title='bbox 865 3391 986 3475; x_wconf 86' lang='lat' dir='ltr'><strong>periclo,</strong></span> 
     </span>
    </p>

    <p class='ocr_par' dir='ltr' id='par_1_30' title="bbox 191 3486 1040 3571">
     <span class='ocr_line' id='line_1_32' title="bbox 191 3486 1040 3571; baseline 0.005 -23"><span class='ocrx_word' id='word_1_220' title='bbox 191 3486 311 3548; x_wconf 89' lang='lat' dir='ltr'><strong>Ausum</strong></span> <span class='ocrx_word' id='word_1_221' title='bbox 324 3486 439 3563; x_wconf 89' lang='lat' dir='ltr'><strong>eadem,</strong></span> <span class='ocrx_word' id='word_1_222' title='bbox 456 3508 520 3571; x_wconf 81' lang='lat' dir='ltr'><strong>que</strong></span> <span class='ocrx_word' id='word_1_223' title='bbox 536 3508 600 3565; x_wconf 88' lang='lat' dir='ltr'><strong>nos,</strong></span> <span class='ocrx_word' id='word_1_224' title='bbox 614 3487 749 3571; x_wconf 68' lang='lat' dir='ltr'><strong>Phrygia</strong></span> <span class='ocrx_word' id='word_1_225' title='bbox 763 3489 801 3550; x_wconf 96' lang='lat' dir='ltr'><strong>de</strong></span> <span class='ocrx_word' id='word_1_226' title='bbox 816 3501 904 3570; x_wconf 86' lang='lat' dir='ltr'><strong>geute</strong></span> <span class='ocrx_word' id='word_1_227' title='bbox 921 3488 1040 3558; x_wconf 89' lang='lat' dir='ltr'><strong>Dolona</strong></span> 
     </span>
    </p>

    <p class='ocr_par' dir='ltr' id='par_1_31' title="bbox 191 3579 1170 3677">
     <span class='ocr_line' id='line_1_33' title="bbox 191 3579 1170 3677; baseline 0.002 -33"><span class='ocrx_word' id='word_1_228' title='bbox 191 3579 349 3652; x_wconf 79' lang='lat' dir='ltr'><strong>interimo:</strong></span> <span class='ocrx_word' id='word_1_229' title='bbox 371 3605 430 3647; x_wconf 89' lang='lat' dir='ltr'><strong>non</strong></span> <span class='ocrx_word' id='word_1_230' title='bbox 446 3584 513 3654; x_wconf 75' lang='lat' dir='ltr'><strong>ente</strong></span> <span class='ocrx_word' id='word_1_231' title='bbox 528 3597 639 3663; x_wconf 83' lang='lat' dir='ltr'><strong>tamen,</strong></span> <span class='ocrx_word' id='word_1_232' title='bbox 655 3587 744 3677; x_wconf 72' lang='lat' dir='ltr'><strong>quim</strong></span> <span class='ocrx_word' id='word_1_233' title='bbox 758 3599 866 3656; x_wconf 81' lang='lat' dir='ltr'><strong>cuncta</strong></span> <span class='ocrx_word' id='word_1_234' title='bbox 881 3586 965 3666; x_wconf 68' lang='lat' dir='ltr'><strong>uodgi</strong></span> <span class='ocrx_word' id='word_1_235' title='bbox 1105 3589 1170 3658; x_wconf 65' lang='grc'><strong>245,</strong></span> 
     </span>
    </p>
   </div>
   <div class='ocr_carea' id='block_1_3' title="bbox 0 0 1288 4248">
    <p class='ocr_par' dir='ltr' id='par_1_32' title="bbox 0 0 1288 4248">
     <span class='ocr_line' id='line_1_34' title="bbox 0 0 1288 4248; baseline 0 2"><span class='ocrx_word' id='word_1_236' title='bbox 0 0 1288 4248; x_wconf 95' lang='lat' dir='ltr'><strong> </strong></span> 
     </span>
    </p>
   </div>
  </div>
 </body>
</html>
