2586 4234
570 411 678 462 muns
696 412 718 462 1.
1110 409 1132 472 9

151 562 240 639 Quos
254 562 340 626 simul
355 560 495 646 imposuit
508 562 629 639 mensis,
644 583 701 646 ego
717 562 833 628 vindice
847 564 971 632 munt
1065 567 1131 634 m

149 660 185 724 ln
201 660 322 723 domino
336 659 439 742 dignos
453 660 548 724 everti
563 674 643 723 tecta
657 661 800 726 Penates.

149 757 285 822 Territus
299 759 349 822 ille
363 759 456 841 iugit;
477 773 639 843 uacunque
654 759 768 825 silentiu
782 761 857 825 ruris

138 857 306 937 ·Exululat,
320 857 484 942 fiustrbque
499 857 579 942 loqui
592 873 731 922 conetur:
754 859 792 922 ab
806 859 872 945 ipso

150 955 274 1040 Colligit
288 979 321 1020 os
336 957 459 1034 rabiem,
469 956 624 1039 solitaeque
639 956 779 1040 cupidine
794 959 883 1022 cedis

151 1052 285 1118 Vertitur
298 1054 328 1118 in
343 1055 491 1138 pecudes:
514 1067 546 1118 et
560 1075 639 1116 nuno
654 1075 774 1139 quoque
788 1057 932 1141 mogiane
943 1058 1065 1142 gundet.

149 1152 186 1216 ln
201 1153 285 1216 villos
300 1153 411 1215 abeunt
425 1164 533 1227 vestus,
548 1151 578 1214 in
593 1173 679 1214 crura
697 1153 809 1216 lacerti.
1065 1156 1130 1224 lm

149 1249 202 1314 Fit
217 1252 316 1336 lupus,
330 1266 362 1314 et
376 1251 484 1314 veteris
498 1265 598 1313 servat
613 1251 737 1334 vestigia
750 1251 861 1317 sonne.

150 1348 285 1413 Canities
300 1349 405 1412 eadem
424 1363 479 1427 est,
495 1349 602 1412 eadem
617 1349 756 1412 violentia
771 1350 871 1416 vultu:

149 1447 236 1512 Idem
251 1448 329 1511 oculi
343 1449 461 1511 lucent:
485 1447 591 1510 eadem
607 1447 728 1512 feritatis
743 1449 851 1534 unago.

192 1545 313 1610 Occidit
327 1567 387 1609 una
402 1546 524 1610 dumus:
547 1547 600 1609 sed
616 1567 674 1610 non
690 1547 795 1611 domus
808 1570 869 1612 una
884 1548 980 1634 petire
1064 1549 1131 1614 240

150 1645 252 1728 Digna
266 1645 337 1709 suit:
362 1645 513 1730 quiteria
527 1660 622 1732 patet,
637 1644 698 1708 sera
712 1661 814 1730 regnat
830 1645 972 1732 Eiinnyn

149 1743 186 1808 In
200 1744 313 1807 lacinus
324 1744 439 1830 jurisse
456 1759 552 1828 putes.
598 1742 683 1807 Dent
697 1744 779 1807 ocius
794 1765 909 1822 omnes,

150 1841 237 1918 Quas
251 1843 388 1908 meruere
404 1843 466 1927 pati
483 1843 540 1930 (sie
554 1855 611 1906 stat
625 1842 786 1929 sententia)
803 1841 931 1928 pinum!

554 2083 728 2128 nlnuvlmt.

582 2280 612 2324 v.
628 2261 703 2324 2114.

149 2433 244 2500 Dicta
258 2431 343 2496 Jovis
358 2453 425 2516 pars
440 2453 516 2496 voce
531 2433 667 2516 probant,
681 2429 875 2516 stimulosque
889 2429 996 2496 furenti

150 2532 324 2617 Adjiciunt:
347 2533 394 2594 alii
410 2547 507 2615 partes
521 2530 693 2594 adsensibus
708 2529 843 2613 implent.
1067 2527 1133 2591 245

151 2631 209 2694 Est
225 2647 324 2693 tamen
340 2630 460 2692 humani
477 2630 593 2712 generis
604 2627 720 2714 jactura
735 2627 828 2690 dolori

150 2729 318 2792 Omnibus:
342 2744 382 2807 et,
397 2751 462 2812 quae
477 2729 513 2791 sit
529 2741 622 2805 tene,
638 2726 808 2789 mortalibus
822 2723 912 2801 orbe,

151 2826 265 2890 Forma
281 2827 386 2904 lutura,
401 2842 520 2909 rogant:
544 2826 608 2912 quis
623 2826 660 2887 sit
675 2825 785 2886 laturus
802 2823 829 2884 iu
845 2840 910 2884 aras

151 2925 278 2988 Titum?
301 2927 407 2988 ferisne
423 2940 504 3009 paret
521 2923 703 3009 populandas
718 2921 833 2984 tradere
848 2919 984 3002 gentes?-

151 3023 242 3086 Talia
257 3039 421 3108 querentes
439 3023 508 3106 (sibi
523 3023 601 3085 enim
619 3020 679 3084 sore
694 3036 801 3084 oaetera
814 3017 907 3102 cuiae)
1068 3014 1134 3078 25⁰

151 3121 227 3186 Rex
242 3123 381 3204 superium
398 3121 544 3205 trepidare
560 3135 651 3196 vetat,
667 3119 859 3201 sobolemque
875 3112 961 3200 pn'ori

151 3221 338 3285 Dissimilem
352 3222 464 3305 populo
478 3221 621 3303 promittit
635 3218 746 3300 origine
762 3215 846 3278 miri.

196 3317 326 3403 Jamque
342 3318 447 3381 eratin
463 3332 539 3381 totas
553 3337 705 3400 sparsurus
719 3312 841 3376 fulmina
853 3324 962 3388 terras3

151 3419 215 3481 Sed
230 3417 339 3494 timuit,
348 3438 392 3479 ne
407 3416 482 3480 sorte
497 3437 581 3478 sacer
595 3428 639 3477 tot
653 3414 691 3476 ab
705 3410 819 3494 ignibus
835 3407 926 3470 aether

150 3517 339 3600 Conciperet
354 3515 498 3591 flammas,
513 3514 677 3596 longusque
694 3509 860 3571 ardesceret
874 3505 949 3568 axis.
1071 3499 1136 3564 255

149 3616 232 3680 Esse
248 3637 367 3698 quoque
382 3615 412 3677 in
427 3613 493 3676 satis
507 3609 711 3683 reminiscitur,
726 3605 817 3670 affore
835 3616 964 3683 tempus,
