2576 4232
556 407 663 458 mee
689 407 736 458 x1.

158 561 273 646 Puppe
286 559 461 635 scabebam
481 558 631 643 longeque
645 573 708 622 erat
722 573 846 646 utraque
859 559 966 640 tellau

159 657 244 722 Ciam
259 679 339 720 mare
353 656 409 719 sub
423 669 543 719 noctem
558 657 675 721 tumidis
689 658 840 722 albescere
854 659 948 745 coepit

159 758 336 835 Fluctibus3
358 773 388 820 et
402 777 536 841 preceps
550 757 659 840 spirare
675 759 819 822 vaenum
834 757 944 823 Eumu

160 856 305 934 ‘Arduass
317 856 505 942 jamdudum,
521 855 687 918 ‘demittite
701 856 833 934 cornua,'
849 871 946 922 rector

161 955 300 1032 Clamat;
321 962 372 1016 ‘et
385 953 519 1016 antennis
533 965 627 1016 totum
642 952 809 1016 subnectite
821 953 944 1019 velum?

161 1051 223 1116 Hic
233 1052 337 1137 jubct;
358 1051 523 1134 impediunt
536 1050 667 1113 adversae
678 1049 761 1136 jussa
775 1051 931 1135 procelle:

160 1149 229 1212 Nec
244 1150 310 1212 sinit
326 1149 417 1212 audiri
433 1168 537 1210 vocem
552 1147 648 1230 fragor
663 1149 785 1233 equoris
800 1150 902 1212 ullam.

159 1247 276 1330 Sponte
291 1261 389 1309 tamen
405 1259 563 1329 properant
577 1246 625 1308 alii
639 1245 803 1309 subducere
815 1265 923 1326 remos,

160 1345 237 1409 Pars
251 1345 365 1407 munire
379 1344 474 1421 latus;
497 1365 563 1427 pars
578 1344 674 1406 ventis
689 1345 754 1407 vela
769 1365 887 1428 negare.

158 1442 265 1525 Egerit
280 1442 330 1506 laic
343 1441 460 1519 fluctus,
472 1461 628 1526 aequorque
643 1440 769 1505 retundit
783 1449 812 1506 in
828 1463 943 1528 equor:

159 1539 222 1604 Hic
236 1539 311 1625 rapit
325 1553 478 1602 antennas.
522 1537 600 1612 Qua
615 1539 685 1600 dum
699 1541 762 1601 sine
777 1539 843 1623 lege
857 1555 1008 1624 geruntur,

159 1639 279 1722 Aspera
292 1637 397 1702 crescit
411 1637 524 1713 hiems3
546 1636 685 1720 omnique
701 1657 719 1698 e
732 1651 817 1721 parte
831 1636 943 1702 seroces

158 1735 249 1800 Bella
262 1749 367 1818 gerunt
382 1735 473 1812 venti,
488 1733 620 1818 fretaque
635 1735 814 1816 indignantia
828 1736 963 1801 miscent.

203 1831 273 1917 Ipse
288 1847 397 1916 pavet3
417 1851 475 1894 nec
489 1849 532 1908 se,
548 1832 598 1916 qui
612 1832 648 1894 sit
663 1847 765 1910 status,
781 1833 843 1917 ipse
860 1833 966 1898 latetur

159 1931 245 2009 Scire
259 1932 328 1995 ratis
342 1945 455 2007 recten
477 1951 533 1993 nec
548 1931 618 2015 quid
630 1930 783 2015 jubeatve‚
797 1946 935 1996 vetetve:

158 2028 261 2091 'I'anta
275 2027 345 2092 mali
360 2028 464 2104 moles,
477 2029 599 2113 totique
615 2027 761 2112 potentior
774 2042 837 2090 arte
851 2041 907 2091 est.

159 2124 287 2210 Quippe
302 2141 406 2190 sonant
419 2127 548 2189 clamore
563 2125 628 2199 viri,
643 2123 765 2187 stridore
780 2125 929 2204 rudentes,
947 2169 961 2180 -

159 2222 318 2286 Undarum
332 2225 448 2288 incursu
463 2225 558 2306 gravis
572 2223 661 2301 unda,
677 2221 829 2285 tonitribus
843 2221 944 2286 ether.

159 2320 317 2384 Fluctibus
332 2323 460 2405 erigitur,
474 2322 643 2406 coelumque
660 2341 775 2406 equare
791 2320 908 2384 videtur

158 2419 287 2497 Pontus,
302 2434 333 2483 et
346 2421 479 2484 inductas
494 2419 667 2504 adspergine
683 2420 795 2502 tingere
811 2419 917 2484 nubes.

159 2516 204 2580 Et
219 2517 319 2595 modo,
333 2519 402 2580 cum
417 2517 510 2580 fulvas
525 2539 564 2579 ex
580 2517 639 2580 imo
654 2518 740 2580 verrit
755 2539 869 2596 arenas,

159 2613 313 2678 Concolor
327 2629 371 2677 est
385 2615 440 2677 illis
450 2635 464 2691 ;Δ
481 2613 586 2697 Stygii
599 2616 688 2677 modb
703 2616 810 2698 nigrior
824 2615 921 2679 undis:

159 2713 308 2776 Sternitur
322 2713 479 2787 interdum,
493 2713 663 2796 spumisque
679 2714 847 2775 sonantibus
862 2713 953 2775 albet.

159 2810 233 2894 Ipsa
246 2829 364 2896 quoque
379 2810 423 2872 his
438 2810 533 2891 agitur
547 2811 658 2872 vicibus
673 2807 833 2871 Trachinia
849 2809 975 2893 puppist

88 2975 93 2981 ,
159 2907 206 2972 Et
221 2907 310 2970 modd
323 2907 464 2984 sublimis,
480 2908 571 2970 veluti
585 2908 623 2971 de
639 2907 749 2969 vertice
763 2906 881 2985 montis,

158 3005 327 3088 Despicere
342 3006 372 3068 in
386 3003 488 3082 valles,
503 3005 654 3090 imumque
668 3003 841 3067 Acheronta
855 3004 988 3070 videm:

158 3103 193 3168 N
195 3125 263 3180 nnc,
278 3103 328 3166 ubi
342 3101 498 3166 demissam
512 3123 637 3166 curvum
651 3101 842 3165 circumstetit
856 3121 964 3188 equor,

158 3202 321 3286 Suspicere
336 3200 454 3264 insemo·
463 3221 611 3263 summum
626 3199 664 3262 de
681 3200 793 3282 gurgite
808 3201 918 3264 coelum

158 3301 248 3382 Saepe
264 3299 315 3361 dat
330 3299 479 3380 ingentem
495 3297 586 3360 fluctu
602 3299 676 3360 latus
690 3298 748 3360 icta
762 3296 922 3380 fragoremt

157 3397 229 3462 Nec
245 3395 339 3460 levius
356 3397 470 3479 pulsata
485 3411 578 3472 sonat,
595 3398 683 3479 quim
700 3393 808 3458 ferreus
822 3397 893 3460 olim

157 3495 243 3560 cum
258 3494 370 3558 laceras
384 3494 459 3556 aries
474 3493 626 3556 ballistave
641 3493 772 3555 concutit
787 3513 879 3557 arces.

157 3592 265 3678 thue
280 3593 386 3668 solent,
402 3592 526 3675 sumptis
541 3591 569 3654 in
583 3611 669 3652 cursu
687 3589 805 3665 viribus,
819 3609 862 3652 ue
