2568 4248
513 407 622 472 um
637 407 683 468 tx.
1045 405 1088 480 91

108 557 202 629 Haud
215 558 301 623 aliter
314 557 454 642 gratitur,
468 557 558 644 quta
571 557 595 622 si
610 557 758 631 uenabula
770 558 852 641 tigris

108 655 246 740 Corpore
260 657 320 720 fixa
334 670 427 739 gerat,
443 654 570 740 santique
586 654 724 740 refugerit
738 670 850 721 auctor.

108 752 196 837 Saepe
211 753 294 816 illum
308 754 435 835 gemitus
450 754 601 831 edentem,
616 775 694 838 saepe
710 752 895 832 saeuientem,
1044 759 1089 826 70

108 849 199 935 Saepe
211 865 407 916 retentantem
423 865 497 914 totas
513 850 669 934 infringere
686 866 794 929 vestes,

98 947 359 1038 §tementemque
373 949 480 1026 trabes,
495 949 730 1034 irascentemque
746 950 862 1014 videres

107 1043 273 1124 Montibus,
286 1059 338 1110 aut
352 1046 447 1130 patrio
460 1046 634 1109 tendentem
648 1045 769 1110 bmchia
782 1047 872 1110 coelo.

152 1146 314 1210 Arboribus
328 1147 421 1224 casis,
436 1167 509 1232 quas
523 1146 614 1210 ardua
628 1158 760 1230 gesserat
774 1145 863 1225 OEte,

108 1241 204 1327 Inque
219 1265 323 1327 pyram
338 1243 465 1320 structis,
480 1264 565 1308 arcus
579 1244 808 1330 pharetramque
821 1265 977 1330 capacem,
1043 1247 1088 1317 'ib

108 1339 278 1424 Regnaque
293 1341 404 1404 ristuas
417 1341 524 1405 iterum
538 1339 669 1428 ijaua
683 1342 812 1424 sagittas,

108 1435 202 1500 Ferre
213 1437 301 1522 jubes
315 1438 437 1506 Paeante
450 1453 565 1508 samm:
589 1459 649 1522 quo
663 1437 783 1502 flamma
796 1440 930 1506 ministro

108 1533 252 1598 Subdita:
275 1535 405 1620 dumque
420 1536 512 1600 avidis
526 1536 746 1618 comprenditur
759 1536 874 1619 ignibus
889 1557 996 1622 eggan

108 1633 291 1714 Congeriem
305 1633 385 1697 silva
397 1631 544 1702 Nemeen
558 1633 668 1698 vellere
684 1654 830 1698 summam
978 1699 980 1706 ,

108 1729 240 1792 Stemis:
263 1743 294 1793 et
309 1731 446 1816 impositi
460 1731 551 1795 clave
566 1731 683 1794 cervice
698 1732 855 1810 recumbis,
1043 1733 1088 1800 80

108 1827 201 1890 Haud
217 1827 275 1891 alio
288 1829 382 1906 multu,
398 1828 487 1912 quim
500 1829 525 1892 si
538 1829 665 1892 conviva
675 1827 802 1914 jaceres,

109 1925 191 1988 Inter
204 1925 293 2010 plena
307 1927 380 1989 meri
394 1926 546 1990 redimitus
560 1926 667 2010 pocula
682 1926 777 1988 sertis.
835 1979 837 1984 .

150 2022 281 2108 Jamque
297 2023 409 2102 valens,
423 2037 455 2086 et
468 2023 499 2086 in
511 2045 599 2088 omne
615 2024 691 2087 latus
706 2024 813 2086 diffusa
825 2023 959 2102 sonabat,

108 2120 298 2206 Securosque
313 2134 401 2198 nnus,
416 2135 710 2205 contemptoremque
725 2121 847 2205 petebat

108 2217 249 2281 Flamma
262 2239 359 2281 suum.
403 2216 546 2281 Timubre
562 2219 610 2282 dei
627 2239 680 2301 pro
692 2217 807 2281 vindice
822 2232 916 2283 terre.
1044 2219 1089 2284 85

109 2313 199 2388 Quos
213 2315 255 2377 ita
271 2314 375 2400 (sensit
391 2315 486 2399 eninr)
502 2316 569 2380 leto
584 2315 738 2380 Saturnius
753 2336 803 2377 ore

109 2410 229 2494 Jupiter
243 2413 415 2496 alloquitur:
439 2412 568 2476 ‘Nostra
582 2427 627 2476 est
641 2413 729 2476 timor
743 2412 798 2476 iste
813 2412 959 2498 voluptas,

109 2507 139 2571 Ο
155 2511 273 2595 superi:
295 2523 418 2594 totoque
432 2510 527 2572 libens
540 2510 614 2573 mihi
628 2523 748 2594 pectore
763 2524 870 2593 grator,

110 2605 205 2681 Qucd
221 2607 359 2670 memoris
374 2607 479 2692 popuii
490 2609 573 2670 dicor
585 2623 741 2692 rectorque
757 2621 916 2692 paterque:

110 2705 152 2768 Et
167 2726 236 2768 mea
250 2706 406 2789 pmgenies
423 2719 652 2791 restro-quoque
668 2719 731 2768 tuta
745 2703 844 2770 favore
860 2718 916 2767 est.
1047 2706 1090 2769 90

111 2801 139 2864 N
143 2823 192 2864 am
207 2823 375 2886 quanquam
390 2803 480 2885 ipsius
496 2802 582 2865 datur
596 2803 654 2864 hoo
669 2800 844 2863 immanibus
859 2800 950 2877 actis3

110 2897 236 2980 Obligor
251 2899 314 2982 ipse
329 2912 440 2961 tamen.
485 2899 546 2962 Sed
561 2898 651 2976 enim,
665 2919 704 2960 ne
719 2911 841 2982 pectora
854 2917 931 2960 veno

111 2994 190 3058 Fida
203 3008 285 3057 metu
301 3011 441 3078 paveant,
455 2993 570 3060 OEtaeas
584 2996 714 3080 spernite
729 2994 873 3058 flammas.

110 3093 223 3155 Onmia
238 3093 288 3178 qui
304 3093 383 3170 vicit,
399 3093 508 3171 vincet,
524 3115 597 3178 quos
611 3094 741 3170 demitis,
756 3093 850 3176 ignes,

111 3189 178 3253 Nec
192 3191 248 3253 nisi
263 3189 397 3252 materni
411 3189 581 3254 Vulcanum
596 3205 679 3274 parte
694 3204 847 3274 potentem
1048 3189 1091 3254 95

112 3289 254 3352 Sentiet..
283 3287 441 3350 AEtemum
457 3302 514 3366 est,
523 3309 547 3352 a
560 3309 610 3350 me
625 3288 704 3372 quod
719 3289 819 3364 traxiu
833 3301 864 3350 et
879 3306 1000 3372 expers,

111 3386 214 3470 Atque
229 3385 361 3449 immune
376 3387 468 3464 necis,
482 3387 623 3470 nullique
638 3386 784 3448 domabile
800 3384 950 3454 flammi..

9 3468 14 3478 ⁵
37 3549 48 3558 ,
113 3481 204 3568 idque
220 3505 278 3567 ego
293 3483 466 3550 defunctum
480 3483 559 3548 terra
572 3483 743 3548 coelestibus
756 3481 814 3546 oris

60 3567 71 3592 ’
115 3582 282 3666 Accipiam,
295 3583 470 3668 cunctisque
484 3603 586 3646 meum
599 3580 724 3644 laetabile
739 3577 850 3644 sactum
877 3610 907 3633 ψ
