2572 4242
540 391 648 446 LIBER
664 393 695 442 v.

127 539 271 622 Gorgone
285 541 332 604 bis
346 555 467 604 centum
480 542 630 624 riguerunt
643 563 767 626 corpora
782 541 856 606 visrl.

172 637 306 701 Poenitet
320 637 419 723 injusti
434 659 512 700 nunc
528 639 655 722 denique
671 637 786 702 Phinea
800 639 913 705 bellis,

127 733 192 798 Sed
207 735 276 819 quid
292 738 381 818 agat?
404 735 565 798 Simulacra
582 735 660 799 videt
675 736 790 800 diversa
805 737 921 820 figuris;

127 833 335 917 Agnoscitque
350 855 435 896 suos:
458 847 489 895 et
504 833 622 896 nornine
635 853 782 918 quemque
796 851 915 898 vocatos
1045 838 1106 902 155

127 929 234 994 Poscit
247 952 355 1014 opem:
377 931 560 1014 credensque
576 951 690 1013 parum,
705 932 759 994 sibi
774 933 907 1014 proxima
922 933 1013 1016 tangit

129 1027 283 1111 Corpora:
306 1049 434 1092 marmor
448 1040 540 1092 erant.
585 1028 756 1104 Avertitur;
778 1043 867 1113 atque
882 1030 921 1092 ita
935 1030 1075 1114 supplex,

129 1125 352 1208 Confessasque
366 1147 480 1202 manus,
494 1127 672 1210 obliquaque
687 1126 806 1189 brachia
820 1126 954 1204 tandem,

130 1222 276 1300 ‘Vincis'
292 1225 343 1300 ait,
359 1231 367 1260 ‘
376 1223 508 1288 Perseu:
531 1245 651 1286 remove
668 1223 728 1286 sera
744 1239 871 1288 monstra
880 1245 890 1300 3
912 1237 1029 1309 tuteque

107 1347 113 1357 ¹
129 1321 275 1385 Saxificos
292 1322 401 1400 vultus,
416 1342 608 1406 quecumque
624 1341 670 1398 ea,
685 1321 755 1383 tolle
771 1319 916 1386 llledusae.
1046 1321 1117 1388 160.

128 1418 231 1496 Tolle,
247 1441 362 1502 precor.
408 1417 477 1482 Nou
491 1441 543 1482 uos
558 1419 669 1494 odium,
684 1420 804 1501 regnive
818 1419 928 1504 cupido

129 1515 287 1600 Compulit
302 1517 338 1579 ad
354 1517 482 1580 bellum:
506 1539 560 1600 pro
574 1517 700 1602 conjuge
716 1517 861 1580 movimus
876 1539 967 1582 antra.

128 1614 233 1678 Causa
247 1614 300 1678 suit
315 1615 427 1678 meritis
441 1615 544 1678 melior
558 1630 618 1692 tua,
634 1630 768 1698 tempore
783 1631 892 1678 nostra.

128 1711 201 1774 Non
215 1713 338 1775 cessisse
354 1713 445 1796 piget.
490 1711 583 1788 Nihil,
598 1733 616 1774 o
631 1711 795 1788 fortissime,
811 1728 916 1796 prater

128 1809 219 1872 Hanc
235 1811 362 1873 animam
378 1810 509 1873 concede
524 1810 613 1872 milri:
637 1825 687 1872 tua
701 1825 808 1872 catera
821 1810 930 1874 sunto.’
1045 1809 1106 1874 165

127 1907 464 1992 medicenturque
480 1929 559 1984 eum,
575 1929 663 1991 quem
680 1929 753 1970 voce
769 1909 900 1988 rogabat,

127 2003 295 2088 Respicere
311 2005 441 2082 audenti,
457 2004 590 2082 ‘Quod'
607 2006 657 2082 ait,
673 2005 872 2066 ‘timidissime
892 2003 1022 2082 Phineu,

128 2101 171 2166 Et
187 2125 307 2186 possum
322 2103 466 2180 tribuisse,
481 2118 512 2166 et
526 2125 665 2186 magnum
682 2123 788 2164 munus
803 2102 886 2166 inerti
901 2116 957 2182 est,

130 2199 234 2285 (Pone
249 2201 378 2286 metum)
396 2203 537 2264 tribuam:
561 2201 642 2264 nullo
657 2201 804 2264 violabere
819 2199 905 2264 ferro.
928 2277 932 2288 ‚

127 2297 215 2372 Quin
230 2300 320 2362 etium
336 2322 472 2362 mansura
486 2299 563 2364 dabo
577 2313 768 2363 monumenta
784 2321 837 2383 per
851 2321 965 2380 aevum3
1045 2303 1117 2368 ltu.

127 2395 225 2481 Inque
241 2399 332 2460 domo
346 2399 441 2460 soceri
456 2419 574 2482 semper
588 2397 760 2481 spectabere
776 2399 882 2462 nostri·

125 2494 172 2558 Ut
188 2517 257 2558 mea
271 2517 304 2558 se
318 2497 418 2578 sponsi
433 2497 542 2560 soletur
556 2495 682 2578 imagine
698 2495 830 2580 conjux!

127 2586 235 2656 Dixit:
260 2609 291 2656 et
305 2594 334 2655 in
351 2609 464 2676 partem
480 2592 669 2676 Phorcynida
685 2593 828 2656 transtulit
846 2593 935 2674 illam,

124 2691 178 2753 Ad
196 2713 286 2775 quam
301 2712 334 2754 se
348 2692 464 2774 trepido
479 2689 610 2754 Phineus
626 2691 792 2753 obverterat
806 2712 868 2752 ore.

72 2809 76 2813 ’
124 2788 211 2850 Tum
228 2809 347 2872 quoquo
362 2788 478 2853 conanti
494 2810 546 2850 sua
561 2789 681 2851 [lectore
697 2788 807 2850 lumina
820 2787 924 2852 cervix
1046 2789 1116 2852 175.

124 2884 271 2966 Diriguit‚
287 2907 420 2970 saxoque
435 2886 586 2948 oculorum
602 2885 731 2947 induruit
746 2884 861 2946 humor.

124 2983 190 3046 Sed
206 2997 306 3045 tamen
322 3004 356 3044 os
372 2983 516 3060 timidum,
533 2984 689 3067 vultusque
704 2983 733 3044 in
749 3003 893 3046 marmore
907 2981 1046 3068 supplex,

123 3081 348 3166 submissaque
363 3101 478 3158 manus,
493 3079 641 3166 faciesque
656 3081 784 3144 obnoxia
798 3083 914 3146 mansit.
