2568 4248
486 445 835 499 mnrnmonrflosnort

326 741 441 788 sumus
469 741 579 784 casua
599 739 635 782 ru
657 738 810 782 cossurus
832 739 1013 783 unsaros.-

603 875 633 916 v.
645 855 719 918 746.

180 917 199 1024 l
216 991 320 1058 Cesar
333 992 362 1056 in
376 989 461 1054 Urbe
475 987 530 1051 sual
544 987 616 1051 deus
631 1002 692 1051 est:
717 1009 806 1072 quem
821 987 920 1050 Marte
936 989 1070 1076 togaque

173 1090 375 1176 Praeipuum,
392 1111 452 1152 non
466 1088 545 1150 bella
558 1085 651 1167 magis
666 1086 748 1148 finita
761 1086 926 1168 triumphis,
1093 1093 1158 1154 200

173 1188 298 1274 Resque
315 1187 394 1250 domi
409 1201 509 1269 gestae,
524 1198 737 1268 properataque
752 1184 842 1265 gloria
857 1206 954 1247 rerum

173 1285 208 1351 ln
223 1287 303 1349 sidus
318 1286 433 1348 venere
448 1305 569 1360 novum,
585 1282 760 1366 stellamque
774 1297 954 1361 comantem,

173 1382 278 1458 Quem
292 1405 345 1446 sua
360 1381 525 1466 progenies.
570 1378 679 1463 Neque
695 1379 772 1442 enim
788 1380 826 1442 de
842 1379 969 1442 Caesaris
984 1381 1059 1445 actis

172 1479 277 1544 Ullum
292 1480 387 1564 majus
401 1500 488 1562 opus,
503 1478 592 1563 quam
608 1477 687 1562 qudd
703 1491 787 1561 pater
801 1479 913 1541 exstitit
929 1478 1027 1564 hujus.

172 1577 293 1642 Scilicet
309 1597 458 1661 equoreos
474 1575 540 1658 plus
555 1589 601 1638 est
616 1575 765 1638 domuisse
779 1574 949 1653 Britannos,
1090 1579 1156 1640 205

122 1738 124 1742 .
172 1673 293 1759 Perque
310 1671 469 1758 papyriferi
481 1672 661 1756 septemflua
676 1673 797 1746 flumina
812 1671 873 1736 Nili

173 1772 319 1837 Victrices
333 1771 430 1854 egisse
444 1785 532 1849 ratae,
549 1769 751 1855 Numidasque
767 1772 901 1850 rebelles,

173 1870 419 1956 Cinyphiumque
435 1868 555 1946 Jubam,
571 1866 830 1952 Mithridateisque
845 1882 1009 1933 tumentem

173 1967 351 2033 Nominibus
366 1966 507 2044 Pontum,
523 1965 633 2050 populo
648 1966 790 2051 adjecisse
806 1966 935 2045 Quirini,

173 2065 216 2130 Et
231 2067 337 2129 multos
352 2065 505 2142 meruisse,
520 2064 632 2147 aliquos
648 2064 742 2145 egisse
759 2066 932 2149 triumphos,

174 2164 278 2240 Quam
292 2178 406 2227 tantum
421 2147 557 2245 genuisse
573 2163 677 2240 virum,
694 2184 753 2246 quo
768 2164 889 2247 praeside
904 2184 1002 2226 rerum

173 2261 316 2326 Humano
329 2262 441 2343 generi,
456 2261 565 2345 superi,
580 2260 697 2322 pavistis
712 2261 839 2322 abunde.

173 2356 222 2422 Ne
237 2358 312 2421 soret
325 2359 374 2434 lu'e
388 2358 475 2440 igitur
488 2358 602 2422 mortali
617 2359 729 2422 semiue
743 2372 850 2436 cretus,

172 2455 227 2518 Ille
242 2455 316 2518 deus
330 2454 481 2518 faciendus
496 2468 567 2517 erat.
613 2454 707 2530 Quod
722 2471 754 2518 ut
769 2477 857 2519 aurea
873 2457 945 2520 vidit

172 2551 277 2618 AEneae
292 2552 440 2635 genitrix3
463 2552 535 2615 vidit
550 2575 669 2638 quoque
683 2556 763 2616 triste
778 2555 872 2638 parari
972 2563 974 2571 '

172 2650 309 2716 Pontiliei
323 2651 427 2728 letum,
443 2664 473 2714 et
487 2650 638 2738 conjurata
652 2674 733 2714 arma
747 2654 870 2716 moveri.
1002 2734 1005 2739 .

173 2748 300 2815 Palluit:
325 2764 356 2815 et
371 2749 496 2828 eunctiS,
511 2764 543 2814 ut
559 2749 666 2834 cuique
682 2764 745 2812 erat
760 2750 857 2827 obvia,
873 2752 958 2830 divis,

172 2849 346 2935 ‘Adspiee,'
363 2849 491 2927 dicebat,
507 2848 637 2933 ‘quanta
650 2847 720 2909 mihi
736 2849 815 2910 mole
831 2863 970 2931 parentur

172 2946 306 3010 Insidiae:
331 2947 500 3030 quantaque
515 2959 605 3028 eaput
620 2967 688 3007 cum
703 2943 805 3007 fraude
822 2961 948 3028 petatur.

172 3043 266 3116 Quod
281 3042 318 3104 de
335 3041 487 3104 Dardanio
502 3042 596 3103 solum
611 3041 683 3104 milri
693 3056 783 3105 restat
795 3042 871 3106 liilo.

172 3139 281 3202 Solane
296 3158 416 3221 semper
428 3159 479 3200 ero
489 3137 576 3222 justis
591 3141 723 3202 exercita
736 3141 835 3204 eun's?

171 3235 275 3309 Quam
289 3234 380 3297 modd
395 3233 522 3318 Tydidae
538 3233 707 3320 Calydonia
722 3240 858 3300 vulneret
872 3239 967 3318 hasta,

171 3331 261 3398 Nune
275 3331 353 3396 male
369 3331 495 3395 desensae
510 3332 690 3397 confundant
706 3337 817 3398 moenia
831 3336 948 3422 Trojae:

170 3430 250 3506 Qua
265 3429 382 3494 videam
396 3443 499 3492 natum
513 3429 607 3512 longis
622 3433 766 3494 erroribus
781 3448 892 3512 aetum,

168 3528 338 3614 laetarique
354 3525 438 3606 sreto,
453 3528 599 3612 sedesque
615 3529 721 3593 intrare
738 3531 889 3610 silentum,

168 3625 316 3710 Bellaque
330 3647 400 3689 oum
414 3624 520 3688 'Purno
534 3647 648 3708 gerere,
664 3642 724 3705 aut,
739 3629 763 3691 si
780 3651 850 3692 vera
864 3629 999 3702 latemur.
