2572 4242
563 407 669 464 URBE
687 408 708 458 1.

143 551 223 626 Qun
238 566 339 615 tomen
353 573 393 616 ex
408 555 463 616 illis
478 557 577 638 aliquo
591 578 657 640 pers
672 555 793 620 humida
805 577 906 636 suooo,

143 649 186 713 Et
200 664 316 712 terrena
332 649 395 728 suit,
411 671 495 714 versa
510 666 554 714 est
569 653 599 714 iu
612 655 740 736 corporis
755 677 851 718 usum.

143 747 238 822 Quod
254 747 379 810 solidum
393 761 449 824 est,
465 747 603 832 flectique
619 750 731 831 nequit,
745 765 874 814 mutatur
888 751 917 814 in
931 772 1014 816 osse:

143 844 237 919 Quod
253 845 343 906 modd
359 866 434 907 vena
450 844 513 921 suit,
529 844 583 907 sub
598 845 705 908 eodem
720 847 838 909 nomine
853 847 970 912 mansit.
1054 850 1119 914 410

143 941 238 1026 Inque
252 943 335 1004 brevi
350 943 455 1027 spatio,
470 963 642 1026 superorum
657 942 787 1017 nurnine,
800 963 873 1005 saxa

144 1038 238 1104 Missa
253 1040 307 1102 viri
322 1040 457 1126 inanibus
476 1038 581 1102 sociem
592 1039 708 1102 traxere
725 1039 854 1102 virilem:

146 1137 185 1201 Et
202 1139 239 1200 de
258 1138 399 1202 soemineo
413 1153 548 1221 reparata
561 1153 605 1200 est
622 1137 846 1222 soeminojectu.

145 1235 219 1300 Inde
234 1258 327 1318 genus
343 1237 448 1298 durum
463 1258 575 1312 sumus,
590 1235 806 1319 experiensque
822 1235 971 1300 tabonrm:

146 1333 188 1397 Et
203 1335 382 1398 documento
396 1334 509 1412 damus,
525 1333 586 1418 quit
598 1333 688 1396 simus
702 1333 813 1416 origine
827 1333 899 1396 nati.
1055 1334 1121 1398 stt

565 1585 706 1628 MHON·

572 1751 693 1814 etue

146 1922 202 1985 Illa
217 1921 337 2006 quidem
352 1921 453 2000 nollet,
467 1920 520 1984 sed
535 1934 566 1983 te
582 1942 711 2004 quoque,
726 1919 856 1983 maxime
871 1919 1006 2004 Python,

146 2019 229 2084 Turn
244 2019 362 2102 genuit:
385 2019 561 2104 populisque
577 2019 671 2094 novis,
686 2018 833 2099 incognito
847 2037 982 2101 serpens,

46 2128 48 2132 ’
147 2116 259 2183 Terror
273 2139 355 2193 eras;
376 2132 490 2180 tanturn
505 2117 590 2199 spatii
607 2116 644 2178 de
660 2131 760 2178 nionte
777 2115 908 2176 tenebos.

148 2213 237 2277 Hanc
253 2215 326 2277 deus
341 2216 514 2289 arcitenens,
530 2229 561 2276 et
576 2233 726 2296 nunquam
742 2212 847 2274 talibus
862 2211 949 2278 annis

147 2313 242 2388 Ante,
258 2313 311 2374 nisi
326 2312 354 2374 in
370 2311 464 2374 damis
477 2312 649 2394 capreisque
665 2309 826 2392 fugacibus,
843 2331 922 2390 usus,
1059 2311 1124 2380 420

147 2407 233 2472 Mine
249 2429 368 2491 gravem
384 2408 460 2484 telis,
475 2408 621 2472 exhaustis
637 2409 713 2492 pen‘e
728 2409 878 2492 phoeni,

147 2506 293 2582 Perdidit,
308 2506 402 2570 effitso
418 2527 471 2589 per
486 2507 606 2568 vulnera
622 2506 704 2588 nigra
718 2527 863 2572 veneno..

117 2642 126 2677 s
147 2603 237 2667 Neve
251 2604 348 2687 operis
364 2604 470 2666 sarnam
487 2604 577 2687 possit
592 2604 690 2666 delere
707 2619 846 2683 vetustas,

146 2701 276 2766 Instituit
289 2723 387 2766 sacros
402 2702 510 2765 celebri
525 2703 685 2764 certamine
702 2701 796 2778 iudos,

147 2799 270 2883 Pythia,
286 2799 324 2862 de
340 2799 456 2862 dornitc
471 2800 615 2883 serpentis
630 2799 748 2862 nomine
764 2799 869 2862 dictos.
1061 2799 1125 2868 425

147 2897 205 2961 His
216 2897 362 2983 juvenum
378 2898 545 2982 quicunque
561 2918 661 2972 manu,
678 2896 851 2980 pedibusve,
865 2893 967 2960 retine

148 2995 290 3073 Vicerot3
313 2996 443 3060 esouleae
458 2996 594 3079 capiebat
610 2993 718 3056 frondis
732 2995 885 3058 honorem.

147 3093 291 3158 Nondum
307 3093 405 3156 laurus
420 3108 482 3156 erat
491 3115 499 3170 ;
521 3093 668 3176 longoque
684 3092 821 3156 decentia
834 3092 914 3156 crine

144 3191 302 3278 Tempora
315 3193 451 3278 cingebat
465 3191 503 3256 de
519 3192 651 3276 quilibet
665 3190 766 3259 arbore
782 3190 928 3257 Phoebus·
