2572 4242
551 401 659 485 neap
673 404 706 455 v.

134 545 198 610 Cui
211 548 337 632 triplicis
350 550 439 614 cessit
454 549 570 615 tortum
583 551 740 618 samsima
754 556 847 638 regni.

133 643 187 707 Tu
201 667 337 729 superos,
353 648 511 732 ipsumque
525 648 645 728 lovem,
659 664 692 715 tu
707 652 827 716 numina
843 653 926 738 ponti

135 742 230 806 Victa
243 745 359 822 domas,
374 746 542 831 ipsumque,
556 748 629 828 regit
645 749 695 832 qui
710 751 830 813 numina
845 752 938 834 ponti.

133 840 261 904 Tartara
277 843 349 927 quid
363 847 501 906 cessant?
522 865 576 906 cur
589 865 649 906 non
664 846 823 930 matrisque
838 862 981 934 tuumque

134 939 299 1024 Imperium
315 942 450 1025 profers?
471 944 566 1025 agitur
579 965 647 1026 pars
660 934 747 1008 te'rtia
762 947 875 1010 mundi.
1053 952 1117 1016 210

18 1075 24 1086 ·
135 1037 179 1100 Et
193 1053 295 1101 tamen
310 1040 340 1102 in
355 1041 445 1117 coelo,
460 1040 597 1125 quaejam
613 1042 755 1125 patientia
768 1059 867 1106 nostra
880 1059 937 1122 est,

134 1134 329 1217 Spernimur:
353 1159 388 1200 ao
403 1159 523 1200 mecum
537 1139 614 1200 vires
630 1139 801 1203 minuuntur
815 1141 945 1205 Amoris.

133 1231 261 1296 Pallada
276 1254 376 1296 nonne
393 1235 485 1310 vides,
496 1235 759 1321 jaculatricemque
775 1235 915 1316 Dianam,

127 1329 327 1419 ⁴llbscessisse
342 1332 437 1394 mihi?
459 1331 579 1396 Cereris
594 1355 713 1417 quoque
729 1332 787 1396 filia
802 1335 894 1418 virgo,

132 1426 166 1488 Si
181 1429 342 1510 patiemur,
357 1430 430 1492 erit:
453 1451 522 1492 nam
536 1452 605 1513 spes
620 1431 740 1494 affectat
752 1432 884 1495 easdem.
1051 1435 1115 1499 215

131 1525 177 1586 At
191 1538 235 1602 tu,
252 1547 308 1608 pro
322 1526 406 1588 socio
418 1527 443 1590 si
458 1547 517 1610 qua
531 1542 576 1590 est
591 1549 657 1590 mea
672 1529 765 1609 gratie
779 1549 880 1610 regno,

130 1620 233 1703 Junge
249 1623 338 1685 deam
354 1623 482 1705 patruo?
526 1623 613 1688 Dixit
630 1623 745 1688 Venus.
790 1624 844 1688 Ille
862 1626 1030 1711 pharetram

130 1717 247 1782 Solvit:
273 1734 303 1781 et
319 1720 439 1783 arbitrio
453 1721 553 1784 matris
568 1721 605 1784 de
619 1723 700 1784 mille
714 1722 827 1804 sagittis

129 1814 235 1878 Unam
250 1817 395 1898 seposuit,
409 1819 461 1880 sed
477 1818 536 1903 qua
549 1839 605 1880 nec
620 1819 733 1881 acutior
746 1819 816 1896 ulla,

129 1910 201 1975 Nec
215 1914 315 1976 minus
330 1915 442 1978 incerta
456 1929 511 1991 est,
525 1937 581 1978 nec
596 1937 659 1999 que
675 1915 769 1998 magis
783 1915 884 1978 audiat
897 1935 1007 1978 arcum
1051 1917 1115 1982 220

129 2007 345 2094 oppositoque
360 2033 439 2093 genu
454 2012 586 2074 curvavit
601 2012 703 2074 flexile
718 2032 828 2074 comu:

129 2103 229 2191 Inque
243 2129 298 2169 cor
312 2107 435 2170 hamata
450 2109 592 2191 percussit
607 2108 750 2171 arundine
765 2106 879 2170 Ditem.

174 2203 269 2278 Haud
286 2205 392 2287 procul
408 2204 549 2268 Hennaeis
562 2206 644 2268 lacus
658 2219 703 2267 est
718 2226 736 2267 a
750 2205 896 2268 moenibus
911 2203 987 2284 alte,

128 2300 265 2365 Nomine
281 2302 410 2385 Pergus,
425 2324 519 2386 aquae.
563 2301 634 2366 Non
649 2303 699 2365 illo
714 2303 798 2385 plura
812 2301 989 2390 Caystros&

129 2399 278 2462 Carmina
293 2421 461 2483 cygnorum
476 2400 640 2462 labentibus
655 2399 736 2461 audit
750 2399 780 2462 in
795 2399 891 2462 undis.
908 2450 922 2472 ,
1050 2401 1113 2466 22³

128 2497 214 2560 Silva
228 2509 354 2560 coronat
369 2519 472 2581 aquas,
486 2497 607 2578 cingens
621 2497 697 2558 latus
711 2517 799 2560 omne
811 2518 820 2574 ;
841 2497 960 2583 suisque

127 2593 315 2672 Frondibus,
330 2608 364 2656 ut
381 2593 460 2670 velo,
475 2593 627 2658 Phoebeoe
640 2594 797 2656 submovet
811 2595 896 2658 ictus.

126 2690 258 2774 Frigora
273 2693 346 2778 dant
360 2692 447 2768 rami,
461 2690 571 2774 Tyrios
586 2692 694 2754 humus
708 2691 829 2752 humida
845 2690 943 2753 flores.

126 2789 321 2874 Perpetuam
337 2810 391 2852 ver
406 2802 462 2850 est.
471 2823 498 2873 φ
507 2786 582 2862 Quo
595 2789 667 2851 dum
681 2787 861 2868 Proserpina
877 2785 946 2848 luco

125 2886 235 2964 Ludit,
254 2902 285 2950 et
300 2901 353 2948 aut
367 2885 472 2962 violas,
487 2898 537 2948 aut
550 2885 678 2948 candida
691 2883 751 2946 lilia
764 2883 875 2966 carpit3
1051 2883 1115 2948 230

125 2984 278 3068 Dumque
294 2984 422 3068 puellari
437 2983 534 3046 studio
547 2983 741 3064 calathosque
755 2979 911 3063 sinumque

124 3079 254 3165 Implet,
270 3095 302 3143 et
317 3080 447 3164 aequales
462 3093 557 3143 certat
570 3099 709 3162 superare
724 3077 869 3159 legend03

124 3179 215 3242 Pen'e
232 3177 324 3240 simul
340 3179 404 3239 visa
419 3190 476 3252 est,
492 3177 669 3258 dilectaque,
682 3189 825 3258 raptaque
840 3173 923 3236 Diti:

51 3299 56 3314 ’
123 3275 235 3360 Usque
254 3274 336 3338 adeo
351 3288 527 3357 properatur
541 3293 634 3335 amor.
678 3271 749 3334 Dea
763 3271 863 3334 territa
876 3282 984 3332 moesto

123 3372 167 3436 Et
181 3387 329 3448 matrem,
345 3385 377 3433 et
390 3371 526 3448 comites,
541 3369 595 3432 sed
610 3382 734 3430 matrem
748 3369 863 3451 sepius,
874 3387 926 3428 ora
1053 3370 1118 3435 235

123 3469 272 3535 Clamat:
298 3483 341 3546 et,
356 3483 391 3532 ut
406 3468 525 3532 summa
540 3479 656 3528 vestem
669 3464 791 3526 lenierat
805 3463 842 3526 eb
855 3462 919 3536 ora,

122 3565 260 3634 Collecti
277 3567 371 3632 flores
385 3565 494 3629 tunicis
507 3561 646 3627 cecidere
660 3559 797 3622 remissis.

397 3663 444 3723 6*
608 3664 614 3675 '
