2568 4248
538 373 646 424 arara
672 373 745 425 arv.
1074 373 1134 439 tat

509 617 648 684 LIBER
681 617 773 684 XIV.

409 809 518 852 BNEAS
544 809 586 852 ET
611 805 715 852 RRGES
741 809 869 854 amam.

582 980 611 1019 v.
624 961 698 1022 445.

146 1099 279 1163 Solvitur
293 1101 422 1164 herboso
436 1103 574 1184 religatus
589 1103 627 1166 ab
641 1125 749 1186 aggere
763 1103 857 1170 fune:

145 1195 189 1259 Et
203 1199 307 1282 procul
322 1198 451 1276 insidias,
465 1198 675 1284 infamataeque
690 1201 859 1285 relinquunt

145 1293 244 1358 Tecta
259 1296 335 1375 dere,
349 1297 492 1381 lucosque
507 1311 623 1381 petant,
639 1298 688 1361 ubi
702 1299 818 1362 nubilus
833 1298 938 1374 umbrd

145 1390 182 1453 ln
196 1414 278 1454 mare
292 1414 363 1458 eum
379 1394 458 1458 flava
471 1395 636 1478 prorumpit
650 1392 760 1478 Tybris
775 1396 875 1458 ueni.

144 1487 388 1575 Faunigenaeque
402 1491 492 1554 domo
506 1491 616 1576 potitur
630 1491 758 1576 natique
773 1491 892 1569 Latini;
1104 1499 1127 1562 b

145 1584 217 1648 Non
231 1587 294 1649 sine
309 1585 409 1650 Marte
424 1602 536 1652 tamen.
580 1587 701 1652 Bellum
715 1609 785 1652 cum
799 1603 888 1672 gente
902 1588 991 1654 feroci
1085 1664 1087 1672 Α

144 1683 331 1768 Suscipitur3
353 1685 501 1769 pactique
515 1684 582 1749 furit
599 1707 651 1768 pro
665 1684 792 1770 conjuge
806 1685 937 1752 Tbruus.

188 1778 349 1844 Concurrit
361 1780 452 1846 letio
465 1780 634 1865 Tyrrhenia
649 1796 727 1846 tota:
751 1783 862 1868 diuque

24 1954 27 1974 ι
144 1877 251 1942 Ardua
264 1879 395 1942 sollicitis
411 1880 532 1944 victoria
546 1880 682 1963 queritur
695 1880 793 1942 annis.

145 1975 248 2058 Auget
262 1991 388 2061 uterque
402 1998 470 2042 suas
485 1991 610 2040 externo
624 1977 728 2040 robore
744 1977 837 2040 vires:
1084 1981 1125 2044 10

144 2071 187 2136 Et
203 2075 287 2138 multi
302 2073 444 2153 Rutulos,
459 2074 542 2138 multi
559 2073 690 2159 ijana
706 2087 827 2137 tuentur

144 2170 263 2235 Castra.
307 2169 417 2256 Neque
434 2171 545 2236 AEneas
560 2171 692 2234 Evandri
707 2171 745 2232 ad
759 2170 860 2234 limina
873 2168 989 2250 munt,

143 2267 189 2332 At
205 2268 344 2332 Venulus
357 2290 495 2352 magnam
511 2269 626 2353 profugi
641 2267 797 2332 Diomedis
811 2268 849 2332 ad
864 2267 968 2332 urbem

145 2365 290 2429 Venerat.
335 2365 390 2428 Ille
405 2366 525 2450 quidem
539 2365 594 2428 sub
607 2365 722 2450 l‘aipyge
737 2365 867 2430 maxima
883 2363 996 2430 Dauno

142 2461 261 2532 Meuia
274 2461 458 2540 condiderat,
472 2463 639 2547 dotaliaque
654 2483 723 2526 arva
738 2462 867 2526 tenebat.
1082 2463 1123 2528 1⁶

143 2563 206 2626 Sed
223 2561 360 2624 Venulus
374 2559 471 2624 Turni
485 2575 641 2645 postquam
655 2559 793 2624 mandata
807 2559 932 2644 peregit,

143 2660 361 2742 Auxiliumque
376 2659 469 2742 petit3
491 2659 567 2720 vires
581 2657 711 2720 AEtolius
725 2657 812 2720 heros

143 2757 297 2824 Excusat:
320 2777 377 2820 nec
391 2777 424 2820 se
439 2755 533 2818 soceri
547 2754 733 2818 committere
748 2773 853 2836 pugne

145 2854 234 2917 Velle
248 2855 293 2916 sui
308 2853 452 2937 populos:
475 2873 543 2928 neo,
558 2871 633 2934 quos
648 2871 666 2912 e
681 2863 769 2930 gente
786 2869 905 2910 suomm

143 2951 262 3030 Armet,
276 2952 386 3014 habere
402 2951 489 3012 viros.
534 2947 641 3010 Rutuli
656 2947 718 3010 sine
730 2944 838 3010 viribus
853 2946 909 3010 illis
1078 2948 1122 3014 w

141 3050 231 3112 Bella
246 3051 387 3112 instructa
401 3061 526 3130 gerunt:
549 3046 734 3128 multumque
746 3044 784 3106 ab
794 3043 918 3128 utrique
929 3042 1040 3108 cruoris

142 3147 234 3210 Parte
250 3148 347 3210 datur.
392 3145 466 3210 Fert
481 3131 560 3207 ecoe
568 3143 668 3206 avidas
683 3143 712 3206 in
727 3143 814 3226 pinea
828 3141 949 3206 Turnus

141 3245 244 3310 Texta
258 3243 355 3308 seces:
378 3245 520 3326 ignesque
536 3240 650 3319 timent,
666 3240 770 3325 quibus
785 3240 864 3304 unda
879 3241 1024 3324 pepercit.

182 3341 313 3426 Jamque
328 3343 439 3425 picem,
454 3355 485 3402 et
498 3360 592 3416 ceras,
607 3339 804 3422 alimentaque
818 3351 923 3402 catera
937 3337 1063 3404 mnne

141 3439 292 3502 Mulciber
306 3439 420 3515 urebat,
435 3458 548 3520 perque
563 3436 654 3498 altum
670 3435 707 3498 ad
721 3435 842 3498 carbasa
856 3435 967 3500 malum
1077 3435 1121 3498 25

140 3535 216 3611 Ibat,
233 3549 264 3599 et
279 3537 407 3600 incurvae
421 3534 573 3598 fumabant
588 3546 711 3596 transtra
724 3532 827 3596 cariuae
842 3555 848 3594 :
871 3611 880 3622 ἱ
1196 3537 1204 3550 ”
