2572 4242
200 450 244 516 ὥ
515 449 865 503 METAMORPHOSEON

200 603 360 691 Tantaque
374 603 545 687 simplicitas
560 602 719 685 puerilibus
734 601 817 663 affuit
832 599 925 677 annis,

201 703 276 768 Haec
293 724 410 786 quoque
426 701 590 782 virgineum
605 701 697 762 mo'vit
709 698 823 783 jactura
839 699 981 761 dolorem.

245 801 362 883 Raptor
377 800 436 880 agit
451 821 563 873 currus,
579 813 609 859 et
624 799 743 859 nomine
760 819 909 880 quemque
926 808 1050 859 vocatos
1126 799 1190 860 240

203 897 387 961 Exhortatur
402 919 511 980 equos:
536 918 660 978 quorum
677 916 729 977 per
743 896 819 956 colla
832 894 979 978 jubasque

205 995 326 1058 Excutit
342 993 466 1058 obscuris
479 996 583 1056 tinctas
599 993 743 1074 ferrugine
760 993 901 1054 habenas

202 1087 321 1177 Perque
337 1095 418 1156 lucus
434 1094 517 1168 altoS,
533 1106 563 1153 et
578 1092 686 1152 olentia
700 1089 809 1151 sulfure
824 1089 915 1152 sertut

202 1191 313 1273 Stagna
328 1191 509 1265 Palicorum,
525 1189 613 1271 rupta
628 1187 771 1249 ferventia
786 1188 879 1249 terrd:

202 1287 244 1350 Et
260 1311 316 1371 qua
330 1289 519 1362 Bacchiadae,
536 1284 639 1348 bimari
654 1279 804 1367 gens'orta
819 1285 977 1348 Corinthu.
1124 1287 1187 1348 245

200 1383 282 1447 Inter
297 1387 452 1467 inaequales
469 1398 629 1466 posuerunt
644 1384 754 1446 moenia
769 1397 879 1466 portus.

244 1482 300 1543 Est
315 1482 445 1543 medium
461 1481 594 1563 CyaneS,
610 1495 639 1543 et
655 1481 757 1543 Pisaea
773 1481 940 1556 Arethusae,

202 1579 295 1653 Quod
310 1580 371 1640 coit
386 1579 515 1659 angustis
530 1579 675 1640 inclusum
690 1579 827 1640 cornibus
843 1599 950 1660 aequor.

201 1676 267 1740 Hic·
278 1677 340 1752 suit,
356 1671 472 1760 acujus'
487 1691 623 1757 stagnum
639 1697 756 1759 quoque
772 1676 891 1737 nomine
907 1675 1018 1738 dictum
1035 1689 1093 1752 est,

200 1773 282 1837 Inter
297 1775 439 1837 Sicelidas
454 1775 562 1857 Cyane
577 1775 768 1836 celeberrima
783 1774 949 1856 nymphas;
1121 1775 1185 1838 25⁰

200 1874 392 1958 Agnovitque
409 1874 515 1936 deum:
540 1872 625 1934 ‘Nec
641 1872 755 1952 longius
771 1871 868 1947 ibitis,’
885 1871 995 1954 inquit:

201 1971 290 2034 ‘Non
306 1988 391 2056 potes
406 1973 503 2034 invitae
519 1970 638 2034 Cereris
653 1991 745 2050 gener
763 1991 845 2032 esse:
868 1970 1008 2051 roganda,

104 2057 108 2064 .
202 2069 271 2134 Non
287 2072 427 2155 rapienda
442 2069 505 2132 suit.
552 2068 646 2142 Quod
661 2068 684 2128 si
699 2089 879 2150 componere
896 2067 1008 2149 magnis
1091 2073 1092 2078 ’

201 2167 300 2232 Parva
315 2171 386 2232 milri
401 2169 443 2232 sas
459 2182 521 2244 est;
545 2183 575 2229 et
589 2189 637 2228 me
654 2167 757 2254 dilexit
773 2166 899 2249 Anapis.

202 2265 335 2329 Exorata
349 2282 460 2342 tamen,
476 2289 543 2340 nec,
558 2279 591 2327 ut
606 2266 679 2344 haec,
695 2264 835 2326 exterrita
850 2264 957 2346 nupsi,'
1120 2266 1182 2328 255

201 2363 306 2424 Dixit:
331 2377 371 2438 et,
387 2365 414 2424 in
431 2378 528 2444 partes
545 2363 674 2424 diversas
689 2362 808 2424 brachia
822 2361 958 2436 tendens,

200 2459 333 2521 Obstitit.
379 2459 470 2521 Haud
484 2461 561 2521 ultra
574 2462 669 2523 tenuit
684 2461 836 2523 Saturnius
852 2461 942 2522 iram:

200 2555 419 2640 Terribilesque
435 2559 567 2619 hortatus
582 2580 686 2641 equos,
702 2559 731 2620 in
747 2559 866 2640 gurgitis
882 2559 940 2620 ima

200 2655 379 2719 Contortum
395 2657 492 2719 valido
507 2671 657 2740 sceptrum
673 2657 771 2737 regale
787 2658 897 2719 lacerto

200 2753 353 2818 Condidit.
398 2754 556 2818 letaniam
571 2757 657 2818 tellus
673 2755 702 2816 iu
718 2754 842 2817 Tartara
857 2753 936 2831 lecit,
1119 2757 1182 2821 260

200 2852 242 2916 Et
257 2875 364 2937 pronos
379 2877 479 2917 curnis
494 2855 593 2917 medio
608 2867 720 2916 cratere
736 2853 858 2936 recepit.

200 2953 243 3013 At
259 2951 378 3033 Cyane,
393 2949 565 3034 raptamque
582 2954 678 3035 deam,
694 2963 924 3034 contemptaque
939 2948 1026 3012 sontis

199 3047 273 3108 Jura
288 3049 333 3108 sui
349 3069 488 3122 moenem,
505 3049 713 3109 inconsolabile
730 3048 835 3110 vulnus

199 3143 306 3206 Mente
321 3145 396 3224 gerit
411 3145 509 3218 taciti,
526 3145 720 3224 lacrymisque
736 3145 898 3207 absumitur
911 3144 1023 3206 omnis:

200 3241 252 3314 Et,
269 3261 391 3324 quarum
407 3240 500 3302 fuerat
515 3261 654 3318 magnum
671 3241 760 3300 ruodo
776 3263 898 3318 numen,
916 3243 943 3304 in
960 3242 1022 3304 illas
1119 3245 1181 3308 265

200 3338 390 3403 Extenuatur
405 3357 522 3419 aquas,¹
550 3335 660 3397 Molliri
676 3338 808 3397 membra
824 3339 958 3403 videres:

199 3436 277 3498 Ossa
292 3436 350 3518 pati
368 3437 480 3498 flexus:
504 3455 616 3513 ungues
633 3432 764 3515 posuisse
776 3433 919 3512 rigorem:

199 3535 358 3618 Primaque
374 3534 411 3594 de
427 3531 490 3593 totd
504 3531 674 3592 tenuissima
690 3550 813 3612 quaeque
829 3528 1007 3612 liquescunt,

199 3629 325 3692 Canulei
341 3630 446 3704 crines,
463 3627 613 3710 digitique,
629 3640 660 3690 et
674 3647 769 3702 crura,
784 3625 956 3710 pedesque:
