2568 4248
545 401 718 452 urrunnun
741 403 774 452 x.
1087 403 1148 469 ιω

161 550 242 615 lude
257 573 316 634 ego
332 551 416 640 (nunt
432 551 527 616 ventis
542 573 661 638 quoque
675 573 740 614 sum
754 553 922 617 crudelibus
936 551 1004 642 uec)

211 648 283 713 Vidi
297 649 439 734 precipiti
451 649 572 713 cerbese
588 663 667 712 rente
683 649 773 714 Noto.
1104 655 1148 718 30

163 747 324 818 Autvidi:
347 747 512 824 autetiam,
527 748 596 810 edm
611 769 660 810 me
676 747 781 810 vidisse
797 761 942 832 putarem,

209 845 356 930 Frigidior
368 846 466 929 glacie
477 844 704 931 wurmimisque
720 845 786 916 tui,-

164 941 234 1009 Nec
249 946 388 1027 languere
403 944 454 1007 did
468 945 577 1028 patitur
590 944 682 1008 dolor.
728 943 853 1008 Excitor
872 943 932 1022 illo,

209 1042 345 1120 Excitor,
361 1056 391 1106 et
405 1043 520 1105 summit
534 1042 656 1104 Thesea
672 1063 746 1105 voce
764 1064 848 1126 voco.

165 1139 260 1214 ‘Quo
273 1139 381 1224 sugis?
403 1140 557 1207 exclamo:
581 1141 754 1219 ‘scelerate
769 1155 929 1217 revertere,
943 1139 1079 1204 Theseu.
1101 1144 1143 1207 85

208 1237 315 1302 Flecte
329 1252 440 1302 ratem:
463 1259 619 1302 numerum
634 1260 693 1301 non
709 1239 798 1301 habet
813 1239 861 1301 ille
876 1238 986 1302 suurn.²

165 1334 240 1400 Haec
256 1359 324 1420 ego.
369 1335 462 1410 Quod
477 1336 544 1400 voci
558 1336 670 1413 deerat,
685 1337 824 1419 plangore
840 1336 1002 1420 replebunt.

209 1434 345 1498 Verbera
358 1456 428 1497 cunr
443 1435 539 1498 verbis
554 1435 641 1498 miste
655 1433 738 1496 fudre
752 1433 837 1496 meis.

165 1533 271 1597 Sinon
286 1533 413 1610 audires,
427 1546 461 1596 ut
474 1534 579 1595 saltem
594 1553 715 1596 cernere
730 1553 843 1615 posses,

207 1630 331 1694 laetate
346 1630 405 1694 lete
420 1630 502 1713 signe
517 1630 626 1693 dedere
641 1651 755 1693 munus.
1099 1630 1143 1694 40

163 1716 362 1814 Candidaque
376 1728 503 1813 imposui
517 1729 610 1810 longe
628 1728 773 1790 velamine
787 1727 884 1809 virge,

208 1827 330 1891 Scilicet
343 1826 449 1890 oblitoe
464 1825 647 1896 admonitura
661 1825 731 1888 mei.

160 1923 294 2010 Jamque
308 1924 401 1988 oeulis
415 1937 535 2008 ereptus
549 1945 631 1987 erus:
654 1939 717 1986 turn
733 1922 860 2005 denique
875 1920 955 1984 fleri.

207 2015 397 2106 Torpuerant
411 2022 516 2085 molles
530 2021 599 2086 ente
615 2021 717 2088 dolore
732 2041 826 2102 genae.

162 2117 249 2194 Quid
265 2120 361 2204 potiiu
375 2120 516 2196 lucerent,
532 2119 620 2203 quim
634 2140 684 2182 me
699 2138 767 2180 mea
780 2118 892 2180 lumine
905 2116 1021 2195 flerent,
1097 2118 1141 2182 45

207 2217 370 2302 Postquam
385 2217 531 2280 desierant
546 2218 612 2280 vela
626 2217 726 2279 videre
741 2217 813 2278 tua?

162 2317 229 2380 Aut
244 2338 300 2399 ego
315 2317 426 2392 diffusis
441 2316 534 2380 erravi
549 2316 611 2380 eole
624 2315 748 2398 cupillis,

207 2414 314 2489 Qualis
330 2414 367 2476 ab
381 2413 502 2497 Ogygio
516 2415 630 2477 concite
644 2411 768 2476 Bacche
783 2412 857 2476 deo:

161 2512 229 2576 Aut
243 2534 323 2576 mere
338 2513 517 2597 prospiciens
533 2513 562 2577 iu
576 2533 650 2574 saxo
664 2509 765 2592 frigide
780 2510 860 2576 sedi:
982 2513 990 2522 ‘

207 2609 369 2696 Quemque
383 2610 459 2695 lepis
472 2610 569 2687 sedes,
584 2623 644 2672 tem
659 2609 733 2693 lepis
748 2608 812 2691 ipse
826 2607 877 2670 tui.
1098 2609 1141 2673 50
1156 2679 1160 2688 ,

161 2709 251 2792 Saepe
267 2724 362 2772 torum
377 2722 491 2792 repeto,
508 2708 557 2792 qui
572 2729 625 2770 nos
640 2718 797 2790 acceperet
811 2705 932 2781 ambos3

207 2805 270 2890 Sed
284 2829 342 2869 non
358 2821 497 2890 acceptos
511 2805 695 2869 exhibiturus
709 2817 782 2878 erat.

161 2903 206 2970 Et
220 2919 281 2983 tua,
297 2905 356 2989 qud
370 2926 500 2989 possm
515 2926 569 2988 pro
584 2917 625 2980 te,
641 2901 763 2982 vestigia
776 2914 884 2980 tengo;

207 3003 374 3087 Strataque,
389 3024 453 3088 quae
469 3001 607 3065 membris
618 3001 772 3084 intepuere
787 2997 855 3060 tuis.

165 3095 327 3177 lucumb03
349 3100 545 3184 lacrymisque
560 3114 624 3162 toro
638 3111 775 3162 manente
792 3094 927 3179 profusis,
1098 3095 1141 3160 55

207 3207 216 3236 ‘
225 3198 412 3276 Pressimus,'
428 3199 576 3275 exclamo,
591 3205 639 3260 ‘te
654 3197 731 3258 duo:
755 3194 845 3258 redde
861 3194 944 3256 duce.

167 3297 312 3360 Venimus
327 3298 386 3360 hue
401 3297 505 3359 umbo:
528 3317 582 3359 cur
594 3318 653 3358 uon
669 3293 845 3359 discedimus
860 3291 969 3356 embol

206 3394 337 3472 Perfide‚
352 3416 418 3478 pers
433 3394 533 3470 nostri,
548 3394 668 3470 lectule,
682 3391 775 3476 major
789 3390 838 3452 ubi
854 3402 900 3452 eet
910 3389 934 3452 l'
1059 3387 1060 3391 ’

163 3491 248 3568 Quid
264 3491 392 3556 fecium?
437 3490 512 3567 Qud
526 3489 588 3554 sole
603 3488 698 3554 seret?
743 3487 839 3552 Vacat
854 3487 948 3550 insule
960 3484 1055 3552 cultu·

206 3589 277 3654 Non
292 3590 445 3654 hominum
460 3587 559 3666 uideo,
573 3609 632 3652 non
646 3609 703 3670 ego
718 3585 794 3650 lacte
807 3585 910 3652 boum·
1097 3581 1143 3647 60
