2572 4242
525 421 632 472 tum
653 423 687 474 11.

118 574 335 658 Virgineusque
350 571 490 648 Helicon,
504 589 535 636 et
549 571 679 635 nondum
694 569 835 654 OEagn'us
850 571 982 636 Haemos.

118 673 212 736 Ardet
227 673 256 734 in
272 673 446 735 iuunensuur
463 671 616 749 geminatis
633 671 746 749 ignibus
761 670 864 746 AEtne,

119 769 338 852 Parnassusquc
355 771 465 850 biceps,
482 785 510 829 et
530 768 624 849 Eryx,
640 785 669 829 ct
685 767 836 850 Cynthus,
851 784 879 830 et
896 767 1020 851 Othrys,

120 868 159 930 Et
173 869 293 930 tandem
313 867 459 947 Rhodope
477 867 590 926 nivihus
605 867 739 935 cariuua,
756 865 933 948 Mimasque,
1030 867 1088 930 221

118 967 341 1048 Dindymaque,
357 981 387 1025 et
403 961 694 1056 hlycarle,pratrrsryrre
709 965 745 1024 ad
761 985 842 1025 sacra
857 963 1017 1026 Cithaeron.

118 1063 184 1126 Nec
201 1078 321 1146 prosunt
337 1061 467 1144 Scythia
482 1083 534 1122 sua
550 1059 668 1140 frigora:
693 1059 846 1122 Caucasus
861 1062 955 1136 ardet,

118 1161 254 1245 Ossaque
269 1181 338 1222 cmn
356 1159 461 1234 Pindo,
477 1157 627 1241 majorque
643 1158 784 1219 ambobus
798 1157 964 1242 Olympus:

117 1259 276 1340 Actiaque
295 1258 399 1338 Alpes,
415 1272 445 1317 ct
461 1255 574 1317 nubifer
591 1256 777 1338 Apenninus.
834 1275 841 1292 ⁸
869 1279 877 1290 ⁴
1030 1257 1093 1320 225

160 1355 249 1417 Tunc
265 1357 337 1416 veni
352 1353 508 1415 Phaethon
524 1353 636 1415 cunctis
651 1373 669 1414 e
687 1352 814 1433 partibus
829 1353 930 1416 orbem

98 1509 102 1516 .
118 1453 256 1536 Adspicit
271 1473 445 1514 accensum:
469 1472 524 1513 nec
539 1465 635 1512 tantos
650 1451 772 1513 sustinet
787 1467 889 1514 astus:

117 1549 146 1614 F
147 1567 343 1633 erventesque
359 1571 453 1626 auras,
470 1549 550 1612 veiut
565 1569 582 1610 e
597 1548 714 1612 fornace
731 1548 884 1632 profundi,

118 1649 181 1712 Ore
196 1648 296 1724 trahit,
310 1669 470 1731 currusque
485 1667 553 1708 suos
566 1646 744 1708 candescere
759 1647 858 1708 sentit.

119 1747 161 1810 Et
176 1768 274 1831 neque
286 1746 348 1830 jam
364 1746 477 1806 cineres
492 1744 707 1828 ejectatamque
723 1743 851 1805 saviliam
1032 1745 1095 1807 230

118 1843 212 1908 Ferre
228 1859 343 1928 potest:
366 1844 520 1925 calidoque
536 1842 692 1904 involvitur
706 1840 835 1922 undique
851 1839 941 1904 suino.

118 1941 253 2025 Quhque
269 1955 328 2016 eat,
344 1955 393 2002 aut
409 1941 456 2002 ubi
472 1941 518 2016 sit,
536 1939 620 2022 piceti
634 1939 758 2020 caligine
773 1951 868 2000 tectus

118 2039 243 2115 Nescit3
265 2053 295 2101 et
311 2039 427 2102 arbitrio
443 2038 593 2099 volucrum
610 2051 740 2118 raptatur
754 2055 907 2118 equorum.

163 2138 314 2219 Sanguine
330 2151 392 2197 tum
406 2136 531 2196 credunt
546 2135 574 2196 in
590 2153 713 2215 corpora
727 2153 842 2194 summa
854 2145 969 2208 vocato,

121 2235 299 2316 AEtiriopunr
316 2234 440 2318 populos
455 2232 567 2313 nigrum
584 2231 707 2292 traxisse
723 2230 863 2292 colorem.
1034 2229 1097 2292 235

119 2331 203 2393 Tum
219 2331 296 2394 sacta
311 2347 355 2392 est
373 2331 479 2412 Libye,
495 2330 584 2412 raptis
601 2328 769 2390 tonsoribus
784 2342 866 2404 estu,

119 2430 233 2504 Arida;
256 2445 318 2490 tum
334 2429 472 2512 nymphae
490 2428 580 2509 passis
597 2425 750 2508 sontesque
765 2425 905 2510 lacusque

119 2526 284 2589 Deflevere
299 2527 403 2588 comis.
447 2524 562 2599 Qua-rit
578 2523 695 2586 Boeotia
712 2523 834 2600 Dircen,

121 2625 219 2705 Argos
236 2625 437 2705 Amymonen,
455 2621 578 2704 Ephyre
596 2620 748 2683 Pirenidas
762 2621 866 2684 undas.

64 2771 103 2778 .-
119 2721 189 2784 Nec
204 2723 305 2784 sortita
319 2723 386 2783 loco
401 2721 540 2782 distantes
556 2719 676 2781 flumina
692 2719 768 2801 ripas
1035 2719 1099 2780 240

119 2819 204 2903 Tuta
218 2834 355 2882 manent:
380 2819 482 2880 mediis
497 2817 609 2879 Tanais
625 2816 747 2878 fumavit
762 2815 791 2877 iu
806 2813 903 2890 undis,

120 2916 300 3000 Peneosque
316 2939 421 2993 senex,
437 2915 717 2996 Teuthranteusque
733 2911 855 2989 Caicus,

121 3013 164 3076 Et
178 3016 259 3077 celer
274 3015 417 3089 Ismenos,
433 3035 501 3076 cum
519 3013 669 3076 Phoca'·'co
686 3011 881 3094 Erymantho,

121 3113 312 3195 Arsurusque
329 3113 433 3173 iterum
451 3111 601 3184 Xanthus,
618 3110 769 3191 flavusque
787 3107 960 3190 LycotmaS,

121 3210 246 3293 Quique
263 3211 422 3272 recurvatis
438 3211 511 3270 ludit
528 3207 692 3269 Maeandros
709 3208 735 3267 in
753 3207 856 3282 undis3
1037 3205 1101 3266 2¹15

121 3307 367 3390 Mygdoniusque
383 3307 490 3382 Melas,
506 3321 535 3368 et
550 3305 703 3367 Taenarius
721 3303 855 3365 Eurotas.
872 3343 877 3356 ·

120 3407 202 3467 Arsit
219 3420 250 3467 et
268 3405 435 3487 Euphrates
452 3405 645 3486 Babylonius,
662 3404 730 3463 arsit
748 3401 888 3476 Orontes,

120 3503 378 3587 Thennodonque
393 3505 479 3579 citus,
495 3503 686 3585 Gangesque,
702 3516 733 3562 et
747 3499 865 3577 Phasis,
880 3514 911 3562 et
926 3497 1010 3560 lster.

121 3601 241 3666 AEstuat
258 3603 412 3684 Alpheos:
436 3603 503 3684 ripe
520 3600 718 3684 Spercheides
733 3597 852 3660 ardent:

415 3701 473 3762 ,ζμ
