2568 4248
197 401 260 478 tao
512 403 862 456 rrnrnnrcrrrrrosnou

193 554 265 622 Nun
278 556 407 640 captiva,
420 568 521 637 rogat;
544 553 677 636 genitrici
691 575 799 636 corpus
814 553 982 638 inemptum

192 651 342 732 Reddite:
365 673 443 721 uere
459 673 531 715 auro
544 651 669 717 redimat
679 650 728 736 jus
744 651 825 716 triste
840 651 980 734 sepulcri,
1084 711 1092 733 ,

192 750 255 816 Sed
269 751 419 835 lacrymis.
463 749 564 826 Tune,
579 749 648 812 citm
663 761 790 833 poterat,
804 749 969 814 redimebat
983 763 1018 813 et
1031 748 1128 814 aure!

235 847 375 914 Dixerat.
423 848 465 912 At
479 847 608 932 populus
622 847 778 929 lacrymas,
795 868 868 931 quas
882 847 931 912 illa
945 848 1083 926 tenebat,

192 944 264 1012 Non
278 960 371 1010 tenet.
415 945 486 1030 lpse
500 945 589 1011 etiarn
604 943 678 1010 fiens
692 944 862 1030 inritusque
876 945 1014 1010 sacerdos
1114 948 1180 1010 tro

192 1043 322 1109 Praebits
334 1043 470 1130 conjecto
484 1043 563 1126 rupit
576 1042 736 1127 precordia
748 1041 836 1108 ferro.

192 1141 258 1222 Illa,
273 1156 483 1228 superterram
499 1139 615 1206 desecto
630 1140 744 1224 poplite
758 1141 873 1219 labens,
980 1198 983 1204 ,
1043 1189 1047 1201 ,
1066 1225 1070 1230 ι

193 1239 320 1304 Pertulit
334 1238 495 1323 intrepidos
510 1238 548 1302 ad
563 1236 623 1304 sata
636 1238 797 1304 norissima
811 1239 940 1305 vultus·
977 1270 980 1280 ·
1002 1240 1017 1270 ⁹

192 1337 329 1412 Troades
342 1338 507 1422 excipiunt,
522 1336 750 1421 deploratosque
764 1351 922 1414 repensent

193 1434 368 1513 Priamidas,
383 1448 414 1498 et
429 1434 499 1518 quid
514 1434 628 1502 dederit
642 1433 748 1499 domus
762 1457 820 1500 uun
833 1436 956 1500 cruoris.
966 1487 1014 1506 ,χ
1111 1439 1177 1501 475

192 1530 302 1615 Teque
317 1545 451 1614 gemunt,
468 1531 568 1612 virg03
590 1545 693 1616 teque,
707 1555 726 1595 o
740 1533 830 1598 modd
845 1533 926 1614 regin
939 1531 1065 1618 conjux,

192 1627 291 1711 Regia
306 1628 385 1692 dicta
400 1648 520 1712 parens,
538 1627 617 1694 Asin
632 1629 762 1696 florentis
778 1631 894 1712 imag03

192 1724 284 1792 Nunc
298 1726 389 1790 etiam
403 1725 508 1810 prede
522 1727 600 1792 mala
615 1749 694 1794 sors:
718 1749 807 1812 quam
822 1729 916 1792 victor
928 1726 1059 1812 Ulyssea
1071 1749 1116 1804 »ᾗ

193 1823 269 1890 Esse
284 1845 369 1888 suam
383 1823 487 1902 nollet,
502 1824 557 1888 nisi
573 1825 653 1909 quud
668 1839 769 1890 tamen
783 1823 915 1889 Hectora
929 1838 1016 1910 partu

191 1921 349 1988 Edideras.
393 1921 560 1990 Dominum
575 1923 660 1986 matri
676 1922 726 1988 vix
741 1922 850 2006 reperit
864 1921 991 1986 Hector.
1110 1923 1176 1991 ‘iffi

192 2018 271 2096 Quc
285 2042 393 2110 corpus
406 2020 567 2106 complexa
581 2020 685 2086 anime
699 2033 760 2084 tam
776 2019 858 2086 sortis
872 2021 971 2099 inane,
985 2038 996 2065 “·

191 2117 279 2193 Quas
293 2117 380 2189 toties
394 2118 495 2204 patrie
510 2117 803 2201 dederet,1rstisqne‚
819 2117 965 2202 viroque„

192 2214 274 2282 Huic
288 2238 406 2302 quoque
422 2216 472 2280 dat
487 2217 652 2300 lacrymas;
673 2214 821 2298 lacrymas
836 2217 866 2280 in
883 2215 1007 2280 vulnere
1020 2214 1136 2282 fundit:

191 2314 364 2398 Osculaque
379 2335 431 2377 ore
446 2314 528 2396 legit,
543 2325 744 2396 consuetaque
759 2327 881 2396 pectora
896 2313 1027 2398 plangit:

191 2409 402 2494 canitiemque
418 2432 503 2477 suam
517 2423 657 2475 concreto
671 2409 701 2474 in
716 2411 858 2492 sanguine
875 2432 1006 2490 verrens,
1108 2414 1174 2478 485

190 2505 282 2570 Plura
297 2506 427 2592 quidem,
442 2507 495 2570 sed
510 2508 630 2584 etheo,
645 2507 755 2574 laniato
770 2521 889 2591 pectore
905 2508 997 2574 dixit:

190 2601 291 2670 ‘Nata
304 2617 361 2668 tuae
379 2603 466 2692 (quid
480 2604 560 2670 enirn
575 2619 711 2689 superest
719 2604 748 2690 i)
765 2605 849 2670 dolor
863 2606 966 2670 ultime
980 2605 1190 2686 mani-m

190 2701 281 2782 Nata,
291 2702 393 2789 jaces:
418 2703 565 2789 videoque
583 2717 677 2782 tuum,
692 2725 760 2768 men
777 2704 906 2782 uulnere,
922 2705 1040 2768 vulnus.

189 2800 251 2881 En,
266 2823 304 2867 ne
319 2803 497 2886 perdiderim
512 2823 681 2887 quenquam
695 2801 758 2864 sine
772 2801 854 2866 caede
867 2823 1013 2880 meorum,
1168 2875 1173 2882 ,

189 2901 240 2966 Tu
256 2925 375 2988 quoque
390 2903 496 2968 vulnus
511 2903 614 2968 hebes.
660 2901 703 2964 At
717 2914 759 2978 te,
775 2901 844 2985 quia
859 2899 991 2980 fremina,
1005 2900 1093 2964 rebar
1105 2903 1173 2966 49⁰

190 2999 221 3063 A
235 2998 311 3063 serro
325 3013 436 3064 tutam:
460 2999 593 3078 cecidisti
608 3014 638 3076 et
652 2998 773 3064 foemina
788 2997 874 3063 ferro.

189 3095 311 3178 ‘I'otque
326 3109 393 3158 tuos
408 3095 490 3158 idem
505 3083 618 3172 stainei,
633 3105 663 3160 te
679 3096 806 3178 perdidit
819 3096 911 3174 idem,

189 3191 325 3256 Exitium
340 3190 449 3276 Trojar,
465 3182 615 3276 nostrique
629 3193 756 3271 orbator,
770 3193 917 3258 Achilles.

190 3291 232 3354 At
247 3303 404 3373 postquam
419 3287 535 3352 Paridis
549 3287 657 3354 cecidit
671 3287 840 3375 Phoebique
856 3291 986 3373 sagittis3
1071 3275 1076 3284 ’

189 3396 208 3428 “
219 3387 308 3452 Nunc
323 3386 436 3464 certe,’'
453 3387 527 3464 dixi,
543 3394 562 3425 “
572 3409 631 3452 non
646 3403 692 3452 est
705 3389 884 3453 metuendus
899 3385 1068 3452 Achilles.''
1104 3391 1171 3456 495

189 3487 278 3558 Nunc
294 3506 411 3571 quoque
426 3483 468 3549 mi
482 3485 658 3550 metuendus
673 3501 745 3552 erat.
791 3485 876 3552 Cinis
891 3487 956 3570 ipse
974 3486 1083 3572 sepulti

187 3586 223 3656 ln
237 3606 330 3670 genus
345 3585 403 3649 hoc
418 3584 516 3650 savit:
540 3583 654 3648 tumulo
669 3605 788 3669 quoque
802 3583 947 3648 sensimus
962 3583 1099 3650 hostem:
