<?xml version="1.0" encoding="UTF-8"?>
<!DOCTYPE html PUBLIC "-//W3C//DTD XHTML 1.0 Transitional//EN"
    "http://www.w3.org/TR/xhtml1/DTD/xhtml1-transitional.dtd">
<html xmlns="http://www.w3.org/1999/xhtml" xml:lang="en" lang="en">
 <head>
  <title>
</title>
<meta http-equiv="Content-Type" content="text/html;charset=utf-8" />
  <meta name='ocr-system' content='tesseract 3.04.00' />
  <meta name='ocr-capabilities' content='ocr_page ocr_carea ocr_par ocr_line ocrx_word'/>
</head>
<body>
  <div class='ocr_page' id='page_1' title='image "./excerptaexscrip01ovidgoog_0106.png"; bbox 0 0 2568 4248; ppageno 0'>
   <div class='ocr_carea' id='block_1_1' title="bbox 170 397 816 462">
    <p class='ocr_par' dir='ltr' id='par_1_1' title="bbox 170 397 816 462">
     <span class='ocr_line' id='line_1_1' title="bbox 170 397 816 462; baseline -0.006 0"><span class='ocrx_word' id='word_1_1' title='bbox 170 397 214 462; x_wconf 70' lang='lat'><strong>92</strong></span> <span class='ocrx_word' id='word_1_2' title='bbox 468 403 816 458; x_wconf 75' lang='lat' dir='ltr'><strong>manumuosnou</strong></span> 
     </span>
    </p>
   </div>
   <div class='ocr_carea' id='block_1_2' title="bbox 129 551 1153 2388">
    <p class='ocr_par' dir='ltr' id='par_1_2' title="bbox 169 551 1153 1022">
     <span class='ocr_line' id='line_1_2' title="bbox 170 551 937 640; baseline 0.003 -20"><span class='ocrx_word' id='word_1_3' title='bbox 170 551 337 620; x_wconf 82' lang='lat' dir='ltr'><strong>Consilium</strong></span> <span class='ocrx_word' id='word_1_4' title='bbox 351 554 464 640; x_wconf 82' lang='lat' dir='ltr'><strong>superis</strong></span> <span class='ocrx_word' id='word_1_5' title='bbox 478 555 573 640; x_wconf 85' lang='lat' dir='ltr'><strong>aperit</strong></span> <span class='ocrx_word' id='word_1_6' title='bbox 586 575 745 620; x_wconf 88' lang='lat' dir='ltr'><strong>commune</strong></span> <span class='ocrx_word' id='word_1_7' title='bbox 759 553 937 622; x_wconf 81' lang='lat' dir='ltr'><strong>Philemon:</strong></span> 
     </span>
     <span class='ocr_line' id='line_1_3' title="bbox 170 651 1153 738; baseline 0.006 -22"><span class='ocrx_word' id='word_1_8' title='bbox 170 651 277 716; x_wconf 79' lang='lat' dir='ltr'><strong>“Essa</strong></span> <span class='ocrx_word' id='word_1_9' title='bbox 290 653 470 731; x_wconf 85' lang='lat' dir='ltr'><strong>sacerdotes,</strong></span> <span class='ocrx_word' id='word_1_10' title='bbox 485 653 665 738; x_wconf 81' lang='lat' dir='ltr'><strong>delubraque</strong></span> <span class='ocrx_word' id='word_1_11' title='bbox 680 667 778 716; x_wconf 86' lang='lat' dir='ltr'><strong>vestra</strong></span> <span class='ocrx_word' id='word_1_12' title='bbox 792 655 868 718; x_wconf 87' lang='lat' dir='ltr'><strong>tueri</strong></span> <span class='ocrx_word' id='word_1_13' title='bbox 1088 657 1153 722; x_wconf 72' lang='lat'><strong>165</strong></span> 
     </span>
     <span class='ocr_line' id='line_1_4' title="bbox 169 748 974 835; baseline 0.004 -21"><span class='ocrx_word' id='word_1_14' title='bbox 169 748 341 814; x_wconf 88' lang='lat' dir='ltr'><strong>Poscimus:</strong></span> <span class='ocrx_word' id='word_1_15' title='bbox 364 764 395 814; x_wconf 91' lang='lat' dir='ltr'><strong>et</strong></span> <span class='ocrx_word' id='word_1_16' title='bbox 410 751 547 835; x_wconf 88' lang='lat' dir='ltr'><strong>quoniam</strong></span> <span class='ocrx_word' id='word_1_17' title='bbox 560 750 721 814; x_wconf 88' lang='lat' dir='ltr'><strong>concordes</strong></span> <span class='ocrx_word' id='word_1_18' title='bbox 736 751 850 832; x_wconf 82' lang='lat' dir='ltr'>egimus</span> <span class='ocrx_word' id='word_1_19' title='bbox 864 773 956 818; x_wconf 85' lang='lat' dir='ltr'><strong>annos</strong></span> <span class='ocrx_word' id='word_1_20' title='bbox 964 775 974 830; x_wconf 94' lang='lat'>;</span> 
     </span>
     <span class='ocr_line' id='line_1_5' title="bbox 169 845 972 932; baseline 0.002 -22"><span class='ocrx_word' id='word_1_21' title='bbox 169 845 295 910; x_wconf 82' lang='lat' dir='ltr'><strong>Auserat</strong></span> <span class='ocrx_word' id='word_1_22' title='bbox 308 847 381 911; x_wconf 91' lang='lat' dir='ltr'><strong>hora</strong></span> <span class='ocrx_word' id='word_1_23' title='bbox 395 849 469 910; x_wconf 89' lang='lat' dir='ltr'><strong>duos</strong></span> <span class='ocrx_word' id='word_1_24' title='bbox 483 847 605 910; x_wconf 90' lang='lat' dir='ltr'><strong>eadem:</strong></span> <span class='ocrx_word' id='word_1_25' title='bbox 628 868 685 910; x_wconf 85' lang='lat' dir='ltr'><strong>neo</strong></span> <span class='ocrx_word' id='word_1_26' title='bbox 697 847 831 931; x_wconf 83' lang='lat' dir='ltr'><strong>conjugis</strong></span> <span class='ocrx_word' id='word_1_27' title='bbox 842 869 972 932; x_wconf 90' lang='lat' dir='ltr'><strong>unquam</strong></span> 
     </span>
     <span class='ocr_line' id='line_1_6' title="bbox 169 942 1007 1022; baseline 0.004 -15"><span class='ocrx_word' id='word_1_28' title='bbox 169 942 264 1008; x_wconf 85' lang='lat' dir='ltr'><strong>Busta</strong></span> <span class='ocrx_word' id='word_1_29' title='bbox 278 967 352 1008; x_wconf 82' lang='lat' dir='ltr'><strong>meae</strong></span> <span class='ocrx_word' id='word_1_30' title='bbox 368 945 503 1022; x_wconf 88' lang='lat' dir='ltr'><strong>videam;</strong></span> <span class='ocrx_word' id='word_1_31' title='bbox 524 965 583 1008; x_wconf 88' lang='lat' dir='ltr'><strong>neu</strong></span> <span class='ocrx_word' id='word_1_32' title='bbox 598 944 653 1006; x_wconf 91' lang='lat' dir='ltr'><strong>sim</strong></span> <span class='ocrx_word' id='word_1_33' title='bbox 668 945 858 1008; x_wconf 82' lang='lat' dir='ltr'><strong>tumulandus</strong></span> <span class='ocrx_word' id='word_1_34' title='bbox 873 945 910 1008; x_wconf 88' lang='lat' dir='ltr'><strong>ab</strong></span> <span class='ocrx_word' id='word_1_35' title='bbox 924 945 1007 1010; x_wconf 80' lang='lat' dir='ltr'><strong>illi.”</strong></span> 
     </span>
    </p>

    <p class='ocr_par' dir='ltr' id='par_1_3' title="bbox 129 1040 1151 2388">
     <span class='ocr_line' id='line_1_7' title="bbox 213 1040 882 1128; baseline 0 -24"><span class='ocrx_word' id='word_1_36' title='bbox 213 1041 295 1106; x_wconf 86' lang='lat' dir='ltr'><strong>Vota</strong></span> <span class='ocrx_word' id='word_1_37' title='bbox 307 1043 381 1106; x_wconf 88' lang='lat' dir='ltr'>fides</span> <span class='ocrx_word' id='word_1_38' title='bbox 394 1043 541 1128; x_wconf 88' lang='lat' dir='ltr'><strong>sequitur:</strong></span> <span class='ocrx_word' id='word_1_39' title='bbox 563 1041 667 1124; x_wconf 90' lang='lat' dir='ltr'><strong>templi</strong></span> <span class='ocrx_word' id='word_1_40' title='bbox 680 1041 775 1104; x_wconf 88' lang='lat' dir='ltr'><strong>tutela</strong></span> <span class='ocrx_word' id='word_1_41' title='bbox 788 1040 882 1120; x_wconf 74' lang='lat' dir='ltr'><strong>suere,</strong></span> 
     </span>
     <span class='ocr_line' id='line_1_8' title="bbox 169 1137 1151 1222; baseline 0.003 -19"><span class='ocrx_word' id='word_1_42' title='bbox 169 1137 278 1204; x_wconf 87' lang='lat' dir='ltr'><strong>Donec</strong></span> <span class='ocrx_word' id='word_1_43' title='bbox 293 1140 354 1204; x_wconf 86' lang='lat' dir='ltr'><strong>vita</strong></span> <span class='ocrx_word' id='word_1_44' title='bbox 367 1140 436 1204; x_wconf 85' lang='lat' dir='ltr'><strong>data</strong></span> <span class='ocrx_word' id='word_1_45' title='bbox 450 1153 506 1202; x_wconf 89' lang='lat' dir='ltr'><strong>est.</strong></span> <span class='ocrx_word' id='word_1_46' title='bbox 549 1137 646 1202; x_wconf 89' lang='lat' dir='ltr'><strong>Annis</strong></span> <span class='ocrx_word' id='word_1_47' title='bbox 661 1159 783 1222; x_wconf 82' lang='lat' dir='ltr'><strong>aevoque</strong></span> <span class='ocrx_word' id='word_1_48' title='bbox 797 1139 885 1203; x_wconf 89' lang='lat' dir='ltr'><strong>soluti</strong></span> <span class='ocrx_word' id='word_1_49' title='bbox 1086 1144 1151 1206; x_wconf 74' lang='lat'><strong>170</strong></span> 
     </span>
     <span class='ocr_line' id='line_1_9' title="bbox 168 1234 923 1321; baseline -0.004 -21"><span class='ocrx_word' id='word_1_50' title='bbox 168 1235 251 1300; x_wconf 81' lang='lat' dir='ltr'><strong>Ante</strong></span> <span class='ocrx_word' id='word_1_51' title='bbox 266 1237 373 1320; x_wconf 86' lang='lat' dir='ltr'><strong>gradus</strong></span> <span class='ocrx_word' id='word_1_52' title='bbox 386 1256 484 1299; x_wconf 88' lang='lat' dir='ltr'><strong>sacros</strong></span> <span class='ocrx_word' id='word_1_53' title='bbox 497 1235 567 1298; x_wconf 77' lang='lat' dir='ltr'><strong>crim</strong></span> <span class='ocrx_word' id='word_1_54' title='bbox 581 1248 693 1298; x_wconf 87' lang='lat' dir='ltr'><strong>starent</strong></span> <span class='ocrx_word' id='word_1_55' title='bbox 706 1234 793 1312; x_wconf 82' lang='lat' dir='ltr'><strong>sort&#39;e,</strong></span> <span class='ocrx_word' id='word_1_56' title='bbox 806 1235 923 1321; x_wconf 84' lang='lat' dir='ltr'><strong>locique</strong></span> 
     </span>
     <span class='ocr_line' id='line_1_10' title="bbox 168 1330 997 1416; baseline 0.002 -22"><span class='ocrx_word' id='word_1_57' title='bbox 168 1331 339 1416; x_wconf 91' lang='lat' dir='ltr'><strong>Inciperent</strong></span> <span class='ocrx_word' id='word_1_58' title='bbox 352 1353 456 1409; x_wconf 83' lang='lat' dir='ltr'><strong>casus3</strong></span> <span class='ocrx_word' id='word_1_59' title='bbox 477 1330 612 1394; x_wconf 87' lang='lat' dir='ltr'><strong>frondere</strong></span> <span class='ocrx_word' id='word_1_60' title='bbox 627 1330 804 1395; x_wconf 86' lang='lat' dir='ltr'><strong>Philemona</strong></span> <span class='ocrx_word' id='word_1_61' title='bbox 817 1331 939 1410; x_wconf 84' lang='lat' dir='ltr'><strong>Baucis,</strong></span> <span class='ocrx_word' id='word_1_62' title='bbox 985 1369 997 1388; x_wconf 54' lang='grc' dir='ltr'>κ</span> 
     </span>
     <span class='ocr_line' id='line_1_11' title="bbox 172 1426 920 1514; baseline 0 -22"><span class='ocrx_word' id='word_1_63' title='bbox 172 1429 305 1493; x_wconf 84' lang='lat' dir='ltr'><strong>Baucida</strong></span> <span class='ocrx_word' id='word_1_64' title='bbox 318 1428 475 1514; x_wconf 84' lang='lat' dir='ltr'><strong>conspexit</strong></span> <span class='ocrx_word' id='word_1_65' title='bbox 489 1428 587 1491; x_wconf 90' lang='lat' dir='ltr'><strong>senior</strong></span> <span class='ocrx_word' id='word_1_66' title='bbox 599 1426 735 1490; x_wconf 85' lang='lat' dir='ltr'><strong>frondere</strong></span> <span class='ocrx_word' id='word_1_67' title='bbox 750 1428 920 1492; x_wconf 91' lang='lat' dir='ltr'><strong>Philemon.</strong></span> 
     </span>
     <span class='ocr_line' id='line_1_12' title="bbox 168 1525 1025 1610; baseline 0.009 -22"><span class='ocrx_word' id='word_1_68' title='bbox 168 1525 298 1610; x_wconf 85' lang='lat' dir='ltr'><strong>Jamque</strong></span> <span class='ocrx_word' id='word_1_69' title='bbox 312 1547 401 1610; x_wconf 86' lang='lat' dir='ltr'><strong>super</strong></span> <span class='ocrx_word' id='word_1_70' title='bbox 415 1525 527 1609; x_wconf 86' lang='lat' dir='ltr'><strong>gelidos</strong></span> <span class='ocrx_word' id='word_1_71' title='bbox 540 1539 693 1589; x_wconf 83' lang='lat' dir='ltr'><strong>crescente</strong></span> <span class='ocrx_word' id='word_1_72' title='bbox 707 1527 861 1590; x_wconf 86' lang='lat' dir='ltr'><strong>cacumine</strong></span> <span class='ocrx_word' id='word_1_73' title='bbox 877 1527 985 1608; x_wconf 87' lang='lat' dir='ltr'><strong>vultus,</strong></span> <span class='ocrx_word' id='word_1_74' title='bbox 1009 1574 1025 1596; x_wconf 40' lang='lat' dir='ltr'><strong>a</strong></span> 
     </span>
     <span class='ocr_line' id='line_1_13' title="bbox 168 1621 1150 1710; baseline 0.008 -25"><span class='ocrx_word' id='word_1_75' title='bbox 168 1621 287 1700; x_wconf 88' lang='lat' dir='ltr'><strong>Mutua,</strong></span> <span class='ocrx_word' id='word_1_76' title='bbox 302 1623 374 1686; x_wconf 94' lang='lat' dir='ltr'><strong>dum</strong></span> <span class='ocrx_word' id='word_1_77' title='bbox 388 1622 481 1700; x_wconf 88' lang='lat' dir='ltr'><strong>licuit,</strong></span> <span class='ocrx_word' id='word_1_78' title='bbox 495 1623 658 1686; x_wconf 88' lang='lat' dir='ltr'><strong>reddebant</strong></span> <span class='ocrx_word' id='word_1_79' title='bbox 673 1623 769 1700; x_wconf 87' lang='lat' dir='ltr'><strong>dicta;</strong></span> <span class='ocrx_word' id='word_1_80' title='bbox 792 1631 812 1660; x_wconf 92' lang='lat'><strong>“</strong></span> <span class='ocrx_word' id='word_1_81' title='bbox 822 1622 972 1710; x_wconf 88' lang='lat' dir='ltr'><strong>Valeque,</strong></span> <span class='ocrx_word' id='word_1_82' title='bbox 1085 1629 1150 1693; x_wconf 76' lang='lat'><strong>175</strong></span> 
     </span>
     <span class='ocr_line' id='line_1_14' title="bbox 169 1716 889 1804; baseline 0.003 -22"><span class='ocrx_word' id='word_1_83' title='bbox 169 1716 356 1804; x_wconf 85' lang='lat' dir='ltr'><strong>Oconjux,&#39;’</strong></span> <span class='ocrx_word' id='word_1_84' title='bbox 372 1720 476 1784; x_wconf 72' lang='lat' dir='ltr'><strong>dindre</strong></span> <span class='ocrx_word' id='word_1_85' title='bbox 491 1720 588 1796; x_wconf 91' lang='lat' dir='ltr'><strong>simul,</strong></span> <span class='ocrx_word' id='word_1_86' title='bbox 599 1720 686 1782; x_wconf 92' lang='lat' dir='ltr'><strong>simul</strong></span> <span class='ocrx_word' id='word_1_87' title='bbox 701 1720 800 1782; x_wconf 89' lang='lat' dir='ltr'><strong>abdita</strong></span> <span class='ocrx_word' id='word_1_88' title='bbox 813 1721 889 1784; x_wconf 81' lang='lat' dir='ltr'><strong>texit</strong></span> 
     </span>
     <span class='ocr_line' id='line_1_15' title="bbox 129 1812 892 1900; baseline 0.007 -23"><span class='ocrx_word' id='word_1_89' title='bbox 129 1871 149 1896; x_wconf 71' lang='grc'><em>,</em></span> <span class='ocrx_word' id='word_1_90' title='bbox 168 1812 232 1878; x_wconf 87' lang='lat' dir='ltr'><strong>Ora</strong></span> <span class='ocrx_word' id='word_1_91' title='bbox 246 1815 353 1880; x_wconf 76' lang='lat' dir='ltr'><strong>huten.</strong></span> <span class='ocrx_word' id='word_1_92' title='bbox 398 1815 538 1881; x_wconf 82' lang='lat' dir='ltr'><strong>Ostendit</strong></span> <span class='ocrx_word' id='word_1_93' title='bbox 551 1816 649 1878; x_wconf 91' lang='lat' dir='ltr'><strong>adhuc</strong></span> <span class='ocrx_word' id='word_1_94' title='bbox 663 1815 818 1900; x_wconf 85' lang='lat' dir='ltr'><strong>Tyane&#39;ius</strong></span> <span class='ocrx_word' id='word_1_95' title='bbox 833 1816 892 1882; x_wconf 90' lang='lat' dir='ltr'><strong>illic</strong></span> 
     </span>
     <span class='ocr_line' id='line_1_16' title="bbox 168 1912 843 1998; baseline 0.004 -23"><span class='ocrx_word' id='word_1_96' title='bbox 168 1912 270 1977; x_wconf 81' lang='lat' dir='ltr'><strong>incola</strong></span> <span class='ocrx_word' id='word_1_97' title='bbox 284 1915 322 1978; x_wconf 93' lang='lat' dir='ltr'><strong>de</strong></span> <span class='ocrx_word' id='word_1_98' title='bbox 336 1913 456 1998; x_wconf 74' lang='lat' dir='ltr'><strong>gemini</strong></span> <span class='ocrx_word' id='word_1_99' title='bbox 471 1915 582 1977; x_wconf 90' lang='lat' dir='ltr'><strong>viciuos</strong></span> <span class='ocrx_word' id='word_1_100' title='bbox 596 1914 699 1976; x_wconf 83' lang='lat' dir='ltr'><strong>arbore</strong></span> <span class='ocrx_word' id='word_1_101' title='bbox 714 1927 843 1978; x_wconf 85' lang='lat' dir='ltr'><strong>truncos.</strong></span> 
     </span>
     <span class='ocr_line' id='line_1_17' title="bbox 169 2008 1013 2102; baseline 0.008 -30"><span class='ocrx_word' id='word_1_102' title='bbox 169 2008 244 2075; x_wconf 82' lang='lat' dir='ltr'><strong>Haec</strong></span> <span class='ocrx_word' id='word_1_103' title='bbox 258 2011 331 2075; x_wconf 90' lang='lat' dir='ltr'><strong>mihi</strong></span> <span class='ocrx_word' id='word_1_104' title='bbox 345 2033 404 2075; x_wconf 91' lang='lat' dir='ltr'><strong>uon</strong></span> <span class='ocrx_word' id='word_1_105' title='bbox 419 2012 485 2076; x_wconf 86' lang='lat' dir='ltr'><strong>vani</strong></span> <span class='ocrx_word' id='word_1_106' title='bbox 503 2011 615 2096; x_wconf 91' lang='lat' dir='ltr'><strong>(neque</strong></span> <span class='ocrx_word' id='word_1_107' title='bbox 630 2025 692 2074; x_wconf 83' lang='lat' dir='ltr'><strong>crat</strong></span> <span class='ocrx_word' id='word_1_108' title='bbox 705 2032 759 2074; x_wconf 91' lang='lat' dir='ltr'><strong>cur</strong></span> <span class='ocrx_word' id='word_1_109' title='bbox 773 2009 872 2076; x_wconf 83' lang='lat' dir='ltr'><strong>fallere</strong></span> <span class='ocrx_word' id='word_1_110' title='bbox 887 2011 1013 2102; x_wconf 85' lang='lat' dir='ltr'><strong>vellent)</strong></span> 
     </span>
     <span class='ocr_line' id='line_1_18' title="bbox 169 2105 1149 2193; baseline 0.004 -22"><span class='ocrx_word' id='word_1_111' title='bbox 169 2105 335 2174; x_wconf 77' lang='lat' dir='ltr'><strong>Narravcre</strong></span> <span class='ocrx_word' id='word_1_112' title='bbox 349 2131 446 2173; x_wconf 84' lang='lat' dir='ltr'><strong>senes.</strong></span> <span class='ocrx_word' id='word_1_113' title='bbox 491 2107 642 2193; x_wconf 82' lang='lat' dir='ltr'><strong>Equidem</strong></span> <span class='ocrx_word' id='word_1_114' title='bbox 657 2108 820 2191; x_wconf 84' lang='lat' dir='ltr'><strong>pendentia</strong></span> <span class='ocrx_word' id='word_1_115' title='bbox 835 2110 894 2174; x_wconf 91' lang='lat' dir='ltr'><strong>vidi</strong></span> <span class='ocrx_word' id='word_1_116' title='bbox 1085 2114 1149 2180; x_wconf 69' lang='lat' dir='ltr'><strong>lffl</strong></span> 
     </span>
     <span class='ocr_line' id='line_1_19' title="bbox 169 2203 922 2290; baseline 0.005 -23"><span class='ocrx_word' id='word_1_117' title='bbox 169 2203 255 2268; x_wconf 84' lang='lat' dir='ltr'><strong>Serta</strong></span> <span class='ocrx_word' id='word_1_118' title='bbox 268 2227 358 2290; x_wconf 86' lang='lat' dir='ltr'><strong>super</strong></span> <span class='ocrx_word' id='word_1_119' title='bbox 372 2227 484 2269; x_wconf 90' lang='lat' dir='ltr'><strong>ramos:</strong></span> <span class='ocrx_word' id='word_1_120' title='bbox 508 2226 681 2290; x_wconf 83' lang='lat' dir='ltr'><strong>ponensque</strong></span> <span class='ocrx_word' id='word_1_121' title='bbox 695 2205 835 2284; x_wconf 87' lang='lat' dir='ltr'><strong>recentia,</strong></span> <span class='ocrx_word' id='word_1_122' title='bbox 850 2207 922 2286; x_wconf 87' lang='lat' dir='ltr'><strong>dixi,</strong></span> 
     </span>
     <span class='ocr_line' id='line_1_20' title="bbox 169 2299 937 2388; baseline 0.009 -25"><span class='ocrx_word' id='word_1_123' title='bbox 169 2299 281 2364; x_wconf 88' lang='lat' dir='ltr'><strong>“Cura</strong></span> <span class='ocrx_word' id='word_1_124' title='bbox 294 2303 335 2386; x_wconf 92' lang='lat' dir='ltr'><strong>pii</strong></span> <span class='ocrx_word' id='word_1_125' title='bbox 351 2303 395 2366; x_wconf 85' lang='lat' dir='ltr'><strong>dis</strong></span> <span class='ocrx_word' id='word_1_126' title='bbox 409 2315 488 2379; x_wconf 91' lang='lat' dir='ltr'><strong>sunt,</strong></span> <span class='ocrx_word' id='word_1_127' title='bbox 503 2315 544 2380; x_wconf 91' lang='lat' dir='ltr'><strong>et,</strong></span> <span class='ocrx_word' id='word_1_128' title='bbox 559 2303 609 2388; x_wconf 93' lang='lat' dir='ltr'><strong>qui</strong></span> <span class='ocrx_word' id='word_1_129' title='bbox 623 2302 755 2380; x_wconf 78' lang='lat' dir='ltr'><strong>coluere,</strong></span> <span class='ocrx_word' id='word_1_130' title='bbox 768 2305 937 2370; x_wconf 87' lang='lat' dir='ltr'><strong>coluntur.&#39;’</strong></span> 
     </span>
    </p>
   </div>
   <div class='ocr_carea' id='block_1_3' title="bbox 547 2709 762 2776">
    <p class='ocr_par' dir='ltr' id='par_1_4' title="bbox 547 2709 762 2776">
     <span class='ocr_line' id='line_1_21' title="bbox 547 2709 762 2776; baseline 0 0"><span class='ocrx_word' id='word_1_131' title='bbox 547 2709 685 2776; x_wconf 77' lang='lat' dir='ltr'>LIBER</span> <span class='ocrx_word' id='word_1_132' title='bbox 701 2709 762 2776; x_wconf 82' lang='lat' dir='ltr'><strong>lx.</strong></span> 
     </span>
    </p>
   </div>
   <div class='ocr_carea' id='block_1_4' title="bbox 510 2928 799 3152">
    <p class='ocr_par' dir='ltr' id='par_1_5' title="bbox 510 2928 799 3152">
     <span class='ocr_line' id='line_1_22' title="bbox 510 2928 799 2974; baseline -0.01 0"><span class='ocrx_word' id='word_1_133' title='bbox 510 2928 674 2974; x_wconf 81' lang='lat' dir='ltr'><strong>uunoums</strong></span> <span class='ocrx_word' id='word_1_134' title='bbox 704 2928 799 2972; x_wconf 79' lang='lat' dir='ltr'><strong>nous.</strong></span> 
     </span>
     <span class='ocr_line' id='line_1_23' title="bbox 595 3091 712 3152; baseline 0 -2"><span class='ocrx_word' id='word_1_135' title='bbox 595 3108 625 3150; x_wconf 80' lang='lat' dir='ltr'><strong>v.</strong></span> <span class='ocrx_word' id='word_1_136' title='bbox 640 3091 712 3152; x_wconf 88' lang='grc'><strong>134.</strong></span> 
     </span>
    </p>
   </div>
   <div class='ocr_carea' id='block_1_5' title="bbox 166 3265 970 3546">
    <p class='ocr_par' dir='ltr' id='par_1_6' title="bbox 166 3265 970 3546">
     <span class='ocr_line' id='line_1_24' title="bbox 166 3265 970 3358; baseline 0.005 -26"><span class='ocrx_word' id='word_1_137' title='bbox 166 3265 271 3350; x_wconf 75' lang='lat' dir='ltr'><strong>longa</strong></span> <span class='ocrx_word' id='word_1_138' title='bbox 285 3266 339 3331; x_wconf 85' lang='lat' dir='ltr'><strong>fuit</strong></span> <span class='ocrx_word' id='word_1_139' title='bbox 352 3267 442 3331; x_wconf 89' lang='lat' dir='ltr'><strong>medii</strong></span> <span class='ocrx_word' id='word_1_140' title='bbox 457 3287 538 3330; x_wconf 86' lang='lat' dir='ltr'><strong>mora</strong></span> <span class='ocrx_word' id='word_1_141' title='bbox 552 3267 709 3350; x_wconf 84' lang='lat' dir='ltr'><strong>temporis:</strong></span> <span class='ocrx_word' id='word_1_142' title='bbox 732 3283 857 3356; x_wconf 80' lang='lat' dir='ltr'><strong>actaque</strong></span> <span class='ocrx_word' id='word_1_143' title='bbox 871 3272 970 3358; x_wconf 83' lang='lat' dir='ltr'><strong>magni</strong></span> 
     </span>
     <span class='ocr_line' id='line_1_25' title="bbox 167 3363 926 3450; baseline 0.005 -21"><span class='ocrx_word' id='word_1_144' title='bbox 167 3363 304 3429; x_wconf 86' lang='lat' dir='ltr'><strong>Herculis</strong></span> <span class='ocrx_word' id='word_1_145' title='bbox 319 3364 475 3449; x_wconf 67' lang='lat' dir='ltr'><strong>implerant</strong></span> <span class='ocrx_word' id='word_1_146' title='bbox 490 3378 591 3441; x_wconf 88' lang='lat' dir='ltr'><strong>terras,</strong></span> <span class='ocrx_word' id='word_1_147' title='bbox 605 3364 765 3450; x_wconf 91' lang='lat' dir='ltr'><strong>odiumque</strong></span> <span class='ocrx_word' id='word_1_148' title='bbox 780 3389 926 3433; x_wconf 72' lang='lat' dir='ltr'><strong>noverca.</strong></span> 
     </span>
     <span class='ocr_line' id='line_1_26' title="bbox 169 3459 840 3546; baseline 0.009 -26"><span class='ocrx_word' id='word_1_149' title='bbox 169 3461 273 3526; x_wconf 84' lang='lat' dir='ltr'><strong>Victor</strong></span> <span class='ocrx_word' id='word_1_150' title='bbox 286 3463 323 3526; x_wconf 87' lang='lat' dir='ltr'><strong>ab</strong></span> <span class='ocrx_word' id='word_1_151' title='bbox 337 3460 480 3525; x_wconf 73' lang='lat' dir='ltr'><strong>OEchalid</strong></span> <span class='ocrx_word' id='word_1_152' title='bbox 493 3459 607 3524; x_wconf 79' lang='lat' dir='ltr'><strong>Cuneo</strong></span> <span class='ocrx_word' id='word_1_153' title='bbox 621 3483 704 3524; x_wconf 87' lang='lat' dir='ltr'><strong>sacra</strong></span> <span class='ocrx_word' id='word_1_154' title='bbox 718 3462 840 3546; x_wconf 89' lang='lat' dir='ltr'><strong>parabat</strong></span> 
     </span>
    </p>
   </div>
   <div class='ocr_carea' id='block_1_6' title="bbox 167 3556 985 3666">
    <p class='ocr_par' dir='ltr' id='par_1_7' title="bbox 167 3556 985 3666">
     <span class='ocr_line' id='line_1_27' title="bbox 167 3556 985 3666; baseline 0.006 -45"><span class='ocrx_word' id='word_1_155' title='bbox 167 3558 247 3623; x_wconf 82' lang='lat' dir='ltr'><strong>Vota</strong></span> <span class='ocrx_word' id='word_1_156' title='bbox 261 3559 343 3636; x_wconf 87' lang='lat' dir='ltr'><strong>Jovi,</strong></span> <span class='ocrx_word' id='word_1_157' title='bbox 356 3559 426 3622; x_wconf 80' lang='lat' dir='ltr'><strong>cum</strong></span> <span class='ocrx_word' id='word_1_158' title='bbox 441 3556 537 3623; x_wconf 84' lang='lat' dir='ltr'><strong>Fama</strong></span> <span class='ocrx_word' id='word_1_159' title='bbox 550 3558 661 3646; x_wconf 83' lang='lat' dir='ltr'><strong>loquax</strong></span> <span class='ocrx_word' id='word_1_160' title='bbox 675 3559 823 3646; x_wconf 78' lang='lat' dir='ltr'><strong>precessit</strong></span> <span class='ocrx_word' id='word_1_161' title='bbox 836 3560 875 3625; x_wconf 86' lang='lat' dir='ltr'><strong>ad</strong></span> <span class='ocrx_word' id='word_1_162' title='bbox 888 3582 985 3666; x_wconf 70' lang='lat' dir='ltr'><strong>aures,</strong></span> 
     </span>
    </p>
   </div>
   <div class='ocr_carea' id='block_1_7' title="bbox 0 0 1288 4248">
    <p class='ocr_par' dir='ltr' id='par_1_8' title="bbox 0 0 1288 4248">
     <span class='ocr_line' id='line_1_28' title="bbox 0 0 1288 4248; baseline 0 0"><span class='ocrx_word' id='word_1_163' title='bbox 0 0 1288 4248; x_wconf 95' lang='lat' dir='ltr'><strong> </strong></span> 
     </span>
    </p>
   </div>
  </div>
 </body>
</html>
