2568 4248
492 411 748 464 m1suonnv11.
1044 409 1103 473 161
1181 433 1188 440 ·

129 564 164 628 Si
179 564 272 648 pudet
285 563 404 641 uxoris3
426 585 485 626 non
500 577 602 648 nuptu,
616 565 670 626 sed
685 563 801 648 hospita
816 564 906 630 dicar.
1045 568 1107 633 135

174 662 257 725 Dum
272 677 323 726 tua
337 662 374 726 sit
387 661 480 739 Dido,
495 661 647 745 quodlibet
662 682 727 725 esse
742 661 827 726 seret.

130 759 212 823 Nota
225 761 297 823 mibi
312 758 385 823 lretn
398 773 465 822 sunt
481 759 588 822 Alium
603 759 765 842 frangentia
779 760 877 824 littus:

174 857 372 940 Temporibus
386 857 473 920 certis
488 857 618 941 dantque
633 872 801 942 negantque
817 859 906 922 viam.

132 952 214 1016 Cinn
229 953 308 1017 dabit
323 975 392 1017 aura
407 955 496 1031 viam,
511 955 654 1037 prebebis
668 955 789 1018 carbasa
803 955 910 1020 ventis.

175 1050 265 1114 Nunc
278 1052 352 1115 levis
366 1052 492 1137 ejectam
506 1053 637 1116 continet
652 1052 718 1138 alga
733 1066 836 1116 ratem.
1046 1056 1108 1120 140

131 1146 268 1232 Tempus
281 1162 315 1211 ut
328 1150 494 1226 observem,
509 1149 616 1212 manda
630 1151 719 1226 mibi3
741 1151 850 1214 certius
864 1151 935 1216 ibis:

175 1245 242 1309 Nec
256 1260 297 1325 te,
314 1248 339 1310 si
354 1248 457 1331 cupies
471 1247 546 1330 ipse,
560 1269 680 1310 manere
695 1248 799 1310 sinam.

131 1342 174 1406 Et
188 1345 258 1407 socii
273 1346 403 1429 requiem
420 1359 555 1428 poscunt,
570 1345 737 1431 laniatuque
751 1345 851 1410 classis

173 1440 310 1505 Postulat
324 1443 446 1525 exiguas
461 1441 646 1506 semirefecta
659 1463 767 1506 moras.

130 1536 193 1601 Pro
206 1539 326 1617 meritis,
342 1553 373 1602 et
387 1540 471 1625 siqua
485 1540 537 1602 tibi
553 1540 746 1623 praebebimus
760 1542 847 1620 nitri,
1046 1545 1107 1609 145

161 1637 235 1720 ΙΡι·ο
249 1659 303 1721 spe
317 1638 445 1723 conjugii
460 1652 594 1721 tempora
609 1659 698 1721 parsu
714 1652 795 1721 peto.

130 1732 215 1797 Dum
230 1733 303 1798 stete
317 1735 485 1812 mitescunt,
501 1749 530 1798 et
545 1735 657 1798 Amor:
680 1735 752 1800 dum
766 1750 901 1821 tempore
917 1751 947 1800 et
961 1758 1017 1802 usu

173 1831 302 1897 Fortiter
316 1833 415 1897 edisco
428 1834 520 1896 tristia
534 1855 621 1917 posse
636 1834 707 1917 peti.

130 1928 184 1993 Sin
198 1930 313 2008 minin3
335 1945 380 1994 est
394 1931 508 1994 animus
523 1931 607 1995 nobis
622 1931 773 1994 effimdere
792 1931 892 1996 vitam.

173 2027 209 2090 In
223 2051 272 2092 me
287 2029 413 2092 crudelis
428 2051 487 2092 non
502 2043 588 2114 potes
603 2049 668 2092 esse
684 2029 745 2093 diu.
1046 2034 1107 2096 1⁵0

128 2126 288 2210 Adspicias
302 2127 427 2206 utinam,
443 2149 506 2211 quse
521 2128 557 2190 sit
571 2127 726 2190 scribentis
740 2127 856 2208 imago!

173 2223 353 2302 Scribimus3
375 2239 406 2288 et
419 2225 532 2306 gremio
546 2223 675 2288 Troicus
689 2225 766 2287 ensis
781 2223 881 2288 adest:

128 2319 250 2406 Perque
264 2344 355 2405 genes
369 2323 506 2407 lacrymae
520 2323 651 2386 strictum
666 2322 804 2386 labuntur
818 2323 847 2385 iu
862 2343 984 2402 ensem

173 2417 238 2492 Qui
249 2419 311 2504 jam
327 2441 382 2504 pro
395 2420 532 2503 lacrymis
546 2421 687 2503 sanguine
702 2421 810 2484 tinctus
826 2421 891 2484 erit.

129 2514 235 2592 Quium
249 2519 325 2582 bene
339 2519 519 2583 conveniunt
534 2517 595 2582 soto
608 2531 659 2581 tua
673 2540 797 2583 munera
810 2519 927 2583 nostro!
1045 2519 1107 2584 156

113 2656 117 2662 -
172 2615 294 2680 Instruis
308 2615 444 2700 impensi
456 2630 554 2680 nostra
568 2617 704 2702 sepulcra
713 2618 808 2681 brevi.

128 2713 198 2779 Nec
213 2735 281 2777 mea
294 2735 373 2777 nuuc
387 2714 483 2798 pn'md
497 2712 640 2777 feriuntur
653 2728 774 2798 pectora
786 2714 864 2777 tolo:

172 2810 228 2876 Ille
242 2813 325 2874 locus
340 2811 409 2874 steri
425 2812 531 2874 vulnus
541 2811 666 2894 ‘Amoris
680 2811 781 2873 habet.

128 2911 222 2975 Anna
234 2932 327 2988 soror,
341 2932 424 2974 soror
437 2910 538 2988 Anna,
552 2931 626 2972 meae
641 2908 719 2972 male
734 2908 853 2971 conscia
865 2907 972 2992 culpe,

172 3007 193 3071 J
194 3030 243 3072 am
258 3008 340 3072 dabis
354 3009 384 3072 in
400 3009 515 3071 cineres
529 3007 632 3071 ultima
647 3007 725 3070 dona
740 3027 832 3070 meos.
1043 3004 1108 3069 160

128 3105 209 3184 Nec,
223 3120 399 3190 consumpte
412 3107 500 3188 rogis,
515 3105 663 3183 inscribet,
677 3105 776 3169 Elissa
790 3103 915 3182 Siobaei3

172 3201 243 3267 Hoc
257 3217 358 3266 tamen
373 3204 402 3267 in
417 3203 523 3267 tumuli
538 3225 682 3266 marmore
696 3223 815 3267 carmen
830 3200 902 3266 erit:

16 3313 18 3388 ἦ
129 3299 280 3364 ‘Prnbuit
293 3300 406 3365 AEnees
421 3314 451 3365 et
465 3321 587 3365 causam
600 3302 702 3365 mortis
717 3313 747 3364 et
761 3320 874 3364 ensem.

172 3398 243 3484 Ipsa
257 3398 313 3463 sut
326 3398 408 3464 Dido
422 3399 551 3463 concidit
565 3419 619 3462 usa
633 3398 745 3462 manu?

430 3498 502 3561 it*
717 3499 720 3504 '
