2568 4248
544 417 661 506 mem

149 603 193 669 Η»
206 605 332 670 adeunt
345 605 412 667 udis
425 605 456 668 tn
470 623 523 667 sua
536 617 615 668 rectu
629 607 722 689 genis.

106 695 240 766 Sustinet
254 703 407 787 impositos
420 702 643 766 summamus
658 703 761 766 alveus
773 701 864 767 mot.

151 800 222 863 Heu
238 815 380 885 quantum
396 799 447 863 sati
463 821 552 884 perra
567 801 675 864 tabella
691 800 792 864 vehitl
1041 799 1087 870 00

108 899 225 960 Alveus
238 899 268 962 in
283 899 354 961 limo
368 899 448 961 silvis
463 899 604 982 appulsus
619 898 730 984 opacis,

151 996 299 1060 Paulatim
314 996 406 1058 fluvio
422 997 589 1072 deficiente,
604 997 699 1058 sedet.

86 1098 90 1103 ’
110 1091 202 1156 Venit
216 1093 252 1155 ad
269 1094 419 1177 expositos
438 1091 573 1178 (mirum)
590 1093 661 1176 lupa
674 1091 747 1156 soeta
760 1093 914 1176 gunellae

151 1189 229 1264 Quis
243 1190 345 1254 credat
360 1191 457 1274 pueris
472 1213 530 1253 non
546 1191 680 1253 nocuisse
696 1189 809 1254 seram?

109 1287 179 1351 Non
193 1289 329 1351 nocuisse
345 1309 448 1372 parum
463 1301 528 1350 est:
552 1288 672 1371 prodest
687 1309 823 1373 quoqne:
847 1303 921 1374 quos
936 1289 1007 1376 lupa

237 1385 338 1462 nutrit,
1042 1381 1085 1452 85

151 1482 283 1546 Prodere
298 1496 433 1565 cognata
447 1481 613 1545 sustinuere
627 1501 741 1545 manus.

109 1579 261 1658 Constitit,
276 1593 307 1642 et
321 1580 416 1642 caudi
430 1581 538 1643 teneris
553 1579 700 1642 blanditur
714 1581 849 1660 alumnis,

150 1679 193 1742 Et
206 1679 288 1761 fingit
303 1677 404 1760 lingua
416 1697 540 1768 corpora
553 1677 621 1740 bina
636 1677 700 1741 sub.

107 1776 207 1840 Marte
222 1792 301 1839 satos
316 1779 423 1852 scires;
444 1776 532 1838 timor
546 1775 654 1838 abluit:
678 1777 769 1840 ubera
783 1776 913 1855 dumne

149 1874 218 1937 Nec
233 1875 286 1936 sibi
302 1874 434 1958 promissi
449 1873 533 1936 lactis
548 1874 666 1936 aluntur
678 1893 748 1958 ope.

107 1971 218 2035 Martia
232 1986 278 2035 ter
292 1993 378 2033 senos
393 1971 490 2053 pmles
505 1971 674 2034 adoleverat
689 1989 799 2050 annos3

149 2069 192 2132 Et
206 2069 324 2132 suberat
338 2068 421 2131 flava
433 2067 495 2153 jam
511 2089 589 2132 nora
602 2069 692 2132 barbe
705 2086 809 2132 corna.

106 2159 257 2230 Omnibus
272 2167 404 2249 agricolis
419 2179 677 2251 armentorumque
692 2167 835 2251 magistris

149 2251 257 2327 ltiadae'
266 2264 367 2328 lintres
377 2264 444 2349 jura
459 2264 551 2347 petita
566 2265 685 2328 dabant.

107 2361 196 2447 Saepe
212 2363 332 2424 domum
347 2362 469 2424 veniunt
483 2363 653 2445 praedonum
668 2364 809 2446 sanguine
823 2363 901 2444 latl3

150 2459 193 2522 Et
207 2460 343 2542 redigunt
357 2473 438 2522 actos
452 2460 482 2522 in
497 2479 550 2521 sua
563 2480 630 2522 rura
643 2461 746 2523 boves.

107 2557 152 2620 Ut
167 2577 260 2640 genus
275 2557 439 2634 andiemnt,
455 2558 568 2619 animos
584 2570 668 2642 pater
681 2558 777 2622 editus
791 2568 900 2643 auget3

149 2661 189 2719 Et
204 2655 297 2739 pudet
313 2656 342 2718 in
358 2655 459 2738 paucis
473 2677 581 2717 nomen
597 2655 705 2719 habere
720 2657 806 2720 casis.

107 2753 319 2837 Romuleoque
333 2752 411 2814 cadit
428 2751 565 2837 trajectus
579 2752 717 2816 Amulius
732 2772 821 2831 ense3

152 2850 320 2936 Regnaque
335 2850 467 2932 longaevo
481 2851 673 2913 restituuntur
686 2869 753 2913 aro.

106 2948 177 3020 Jarn
193 2949 287 3011 luerat
301 2969 405 3031 poenas
419 2946 507 3010 frater
520 2947 694 3025 Numitoris,
709 2961 741 3011 et
754 2965 842 3012 omne

150 3045 308 3108 Pastorum
324 3045 442 3126 gemino
456 3045 511 3107 sub
526 3046 601 3108 duce
617 3046 722 3128 vulgus
734 3055 809 3108 brat.

107 3139 294 3208 Contrahere
310 3157 451 3224 agrestes,
466 3156 497 3205 et
511 3144 621 3205 moenia
635 3162 746 3227 ponere
760 3144 877 3228 utrique

150 3240 312 3304 Convenit.
357 3240 526 3321 Ambigitur
541 3242 649 3303 moenia
664 3256 754 3325 ponat
768 3257 844 3305 uter.

107 3339 178 3402 ‘Nil
193 3359 269 3422 opus
286 3339 351 3414 est,'
367 3338 453 3414 dixit,
469 3339 668 3416 ‘certamine‚'
685 3339 843 3419 Romulus,
858 3339 951 3404 ‘utto

4 3501 5 3506 ,
150 3435 263 3518 Magna
277 3437 350 3498 fides
366 3437 463 3499 avium
479 3451 540 3498 est:
564 3438 754 3519 experiamur
768 3438 860 3501 aves!

107 3535 298 3618 Res-placet.
342 3534 429 3596 Alter
442 3533 496 3596 init
511 3535 654 3597 nemorosi
669 3556 741 3598 saxa
754 3533 870 3600 Palati:

149 3634 239 3696 Alter
253 3632 437 3695 Aventinum
452 3631 540 3694 mane
554 3651 697 3695 cacumen
713 3631 784 3696 adit.

413 3730 480 3791 15*
