2572 4242
165 387 210 448 82
490 393 837 448 nlul‘anroltfflofflod
922 447 926 456 4

167 540 256 605 Colla
266 541 340 626 jugo
355 543 491 625 eripiunt,
507 543 688 626 abruptaque
703 543 765 604 lora
778 543 955 628 relinquunt.

166 637 232 700 Illic
246 637 333 702 fraena
343 638 455 722 jacent,
470 639 528 702 illic
544 654 663 702 temone
679 641 811 701 revulsus
1080 646 1149 706 315

168 737 245 800 Axis
254 757 262 811 ;
284 736 313 798 in
330 737 386 798 haic
401 738 473 799 radii
488 735 643 799 fractarum
659 752 741 819 parte
757 751 901 799 rotarum:

167 831 333 916 Sparsaque
348 849 416 896 sunt
429 835 488 896 late
503 835 592 896 laceri
609 835 729 916 vestigia
743 834 855 896 currus·
1017 902 1020 907 ,

167 929 211 992 At
225 928 394 1007 Phaethon,
410 932 510 994 rutilos
525 931 645 994 flammai
659 932 819 1015 populante
834 931 966 1014 capillos

168 1023 306 1089 Volvitur
320 1027 349 1089 in
365 1051 506 1111 preceps,
521 1030 667 1113 longoque
683 1051 737 1112 per
751 1033 819 1092 aera
833 1043 927 1093 tractu

166 1121 275 1186 Fertur
283 1147 292 1201 ;
313 1139 347 1187 ut
361 1127 506 1190 interdum
522 1127 559 1188 de
574 1127 652 1190 coelo
666 1127 877 1203 stella-sereno,
1020 1134 1024 1139 “
1078 1132 1146 1194 320

167 1217 233 1282 Etsi
248 1243 307 1283 non
322 1223 439 1298 cecidit,
455 1224 549 1305 potuit
564 1223 705 1286 cecidisse
721 1223 824 1285 videri.

167 1305 271 1389 Quem
286 1320 388 1400 procul
403 1341 420 1382 a
435 1319 659 1407 patrid'diverso
673 1321 819 1382 maximus
834 1321 905 1383 orbe

166 1411 289 1496 Excipit
305 1414 461 1494 Eridanus,
476 1418 700 1500 spumantiaque
716 1418 808 1480 abluit
821 1439 882 1480 ora.

166 1507 280 1573 Naides
296 1511 448 1595 Hesperiae
464 1515 558 1576 trifida
571 1514 713 1577 fumantia
727 1514 849 1577 flammd

166 1607 303 1690 Corpora
317 1611 386 1672 dant
401 1612 532 1674 tumulo:
556 1613 729 1696 signantque
745 1614 802 1676 hoc
816 1613 945 1674 carmine
959 1635 1083 1684 saxum:

153 1712 176 1742 '‘
186 1705 246 1767 Hic
261 1706 333 1768 situs
348 1722 393 1770 est
408 1709 577 1786 Phaithon,
592 1711 693 1772 curnis
710 1711 809 1792 auriga
824 1711 954 1792 paterni:
1045 1763 1048 1768 .
1077 1716 1142 1775 326

118 1827 150 1864 s
167 1800 270 1876 Quem
286 1804 309 1865 si
325 1826 382 1865 non
399 1806 502 1882 tenuit,
518 1809 630 1890 magnis
646 1823 743 1870 tamen
760 1807 871 1870 excidit
887 1808 985 1870 ausis.’

168 1896 246 1961 Nam
263 1914 346 1983 pater
360 1903 513 1979 obductos,
528 1905 609 1967 luctu
624 1905 794 1968 miserabilis
811 1928 897 1988 agre,

167 1995 348 2060 Condiderat
364 2000 477 2062 vultus:
501 2015 542 2078 et,
557 2003 685 2064 simodo
700 2002 857 2079 credimus,
872 2025 964 2066 unum

166 2092 228 2157 lsse
245 2095 322 2158 diem
338 2097 399 2158 sine
415 2098 476 2160 sole
493 2097 599 2162 semnt.
645 2099 787 2162 Incendia
800 2100 901 2161 lumen
1076 2104 1142 2166 330

166 2191 341 2254 Praebebant
350 2195 367 2269 ;¹
382 2195 543 2277 aliquisque
557 2197 636 2258 malo
651 2196 703 2258 luit
718 2219 787 2258 usus
802 2197 830 2258 in
846 2197 905 2260 illo.

167 2288 208 2350 At
223 2287 372 2370 Clymene
388 2306 543 2374 postquam
559 2293 643 2368 dixit,
660 2314 841 2374 quaecunque
857 2293 973 2358 suerunt

166 2382 200 2444 ln
216 2385 302 2446 tantis
317 2385 441 2447 dicenda
456 2388 539 2448 malis
552 2408 560 2462 ;
582 2388 710 2469 lugubris
726 2403 756 2450 et
771 2411 883 2467 amem,

136 2515 138 2518 ·
166 2479 208 2541 Et
223 2480 329 2542 laniata
343 2482 422 2542 sinus
437 2496 530 2544 totum
547 2486 713 2566 percensuit
728 2487 846 2550 orbem:

166 2576 387 2662 Exanimesque
403 2594 481 2641 artus
496 2581 602 2662 primo,
618 2605 687 2645 mox
703 2606 769 2647 ossa
782 2586 943 2670 requirens,
1075 2590 1141 2652 335

165 2671 292 2756 Repetit
306 2697 372 2738 ossa
387 2691 485 2745 tamen
502 2675 654 2763 per'egrind
670 2683 787 2745 condita
805 2684 880 2766 ripd.

167 2769 360 2858 lncuouitque
375 2775 458 2838 loco:
482 2800 651 2864 nomenque
666 2780 696 2842 in
711 2803 854 2844 marmore
869 2781 980 2844 lectum

169 2866 299 2934 Perludit
313 2872 462 2957 lacrymiS,
478 2889 508 2938 et
522 2893 624 2960 aperto
639 2893 759 2962 pectore
776 2878 880 2942 sovit.t

372 3121 535 3166 HELIADES
558 3127 593 3167 ut
616 3129 760 3170 ARBORES
783 3131 931 3174 Moram.

593 3309 623 3348 v.
639 3290 712 3350 340.

208 3450 275 3516 Nec
291 3453 386 3516 minus
402 3452 545 3516 Heliades
560 3454 657 3531 fletus,
672 3469 713 3532 et,
729 3456 825 3518 inania
841 3472 926 3522 mortr

166 3549 302 3627 Munera,
319 3551 388 3614 dant
403 3551 565 3634 lacrymas:
590 3568 620 3616 et
634 3576 716 3618 caesae
732 3567 852 3638 pectora
866 3554 970 3640 palmis
1076 3561 1141 3625 ulo
