2568 4248
180 421 243 486 1oe
500 420 850 474 uernuonrrsossou

176 575 311 642 Festinat
323 589 439 640 mnes:
458 574 521 661 jam
537 595 621 661 quas,
634 571 686 634 ubi
701 571 813 634 renent
828 569 888 646 ille,

176 673 246 759 Ipsa
259 688 358 758 gerat:
381 674 550 756 redimsque
564 671 619 734 sibi
634 669 776 754 promittit
791 669 901 731 bana.
916 687 931 695 ·
954 693 958 700 ·

176 771 324 854 Omnibus
338 772 386 835 iba
401 771 522 855 quidem
537 769 652 852 superis
667 767 717 850 pia
731 767 817 829 tbura
831 765 959 829 serebat:

176 870 259 934 Ante
273 883 372 933 tamen
386 881 509 933 cunctos
524 866 650 930 Junonis
661 865 773 948 templa
783 865 916 928 ootsbat:
1095 866 1163 928 215

177 967 303 1052 Proque·
312 968 385 1045 viro,
402 967 452 1051 qui
466 965 563 1029 nulius
578 978 651 1040 erat,
667 963 804 1025 veniebat
820 963 855 1024 ad
871 977 945 1025 ares.

177 1062 280 1149 thue
294 1063 370 1127 soret
382 1085 485 1148 sospes
497 1062 608 1147 conjux
623 1083 703 1137 suns,
714 1074 807 1143 utque
821 1059 939 1138 rediret,

177 1160 329 1246 Optabat3
351 1162 520 1245 nullamque
535 1160 589 1222 sibi
604 1157 763 1242 proferret.
807 1157 851 1220 At
866 1157 906 1220 tbi

178 1257 247 1323 Hoc
262 1260 300 1321 de
315 1272 360 1321 tot
375 1258 448 1321 votis
464 1271 578 1340 poterat
592 1256 762 1338 contingere
777 1255 883 1317 solum.

220 1355 264 1418 At
278 1356 334 1418 dea
349 1375 406 1417 non
423 1354 498 1416 ultra
513 1373 566 1436 pro
580 1353 681 1415 functo
694 1365 789 1414 morte
803 1353 897 1434 rogari

177 1451 326 1528 Sustinet3
348 1465 440 1536 utque
455 1471 559 1512 manus
574 1450 703 1513 funestas
718 1466 815 1512 arceat
830 1450 903 1526 aris;

177 1547 246 1625 ‘lri,
261 1549 355 1624 meae,’
371 1548 457 1624 dixit,
472 1555 481 1586 ⁴
490 1547 629 1610 fidissima
643 1548 749 1610 nuncia
764 1548 855 1624 vocis,

178 1645 251 1708 Vise
265 1645 455 1730 soporiferam
470 1645 573 1708 Somni
589 1645 732 1707 velociter
745 1646 859 1708 auiam:

176 1742 384 1828 Exstinotique
395 1743 469 1827 jube
483 1742 596 1826 Ce'ycis
611 1743 737 1825 imagine
752 1742 848 1805 mittat

177 1841 297 1904 Somnia
312 1841 349 1904 ad
365 1840 553 1924 Halcyonen,
569 1859 654 1902 veros
668 1841 812 1902 narrantia
827 1839 934 1903 casus!

177 1937 314 2002 Dixerat.
359 1938 493 2002 loduitur
508 1938 654 2000 velamina
668 1939 749 2000 mille
763 1939 895 2000 colorum

176 2027 241 2114 Itis,
256 2052 286 2100 et
301 2049 423 2121 arquato
437 2037 546 2100 coeiurn
562 2036 733 2098 curvamine
747 2036 864 2118 signans

175 2133 274 2198 Tocra
287 2137 360 2219 petit
372 2135 444 2220 jussi
459 2135 515 2198 sub
528 2155 602 2217 rupe
617 2133 736 2196 latentia
751 2133 837 2215 regis.
861 2173 868 2180 ·
1040 2213 1048 2228 ἱ

217 2231 274 2294 ‚Est
291 2253 383 2316 prope
397 2230 576 2295 Cimmerios
591 2232 680 2312 longo
694 2227 836 2314 spelunca
852 2249 979 2309 recessu,

176 2328 266 2392 Mons
280 2349 381 2405 cavus,
397 2328 493 2409 ignavi
509 2329 613 2390 doinus
628 2343 659 2390 et
675 2329 835 2411 penetralia
849 2328 970 2392 Somni:
1090 2331 1159 2396 2³⁰

175 2424 249 2498 Quo
264 2445 414 2508 nunquam
429 2425 516 2488 radiis
531 2426 638 2502 oriens,
654 2426 818 2502 mediusve,
832 2426 983 2489 cadensve

175 2520 310 2584 Phoebus
325 2522 404 2584 adire
419 2537 528 2606 potest.
573 2522 698 2585 Nebula
712 2523 837 2605 caligine
851 2524 952 2588 mixte

175 2617 361 2682 Exhalantur
375 2619 476 2696 humo,
491 2620 645 2704 dubiaque
659 2622 833 2704 crepuscula
844 2621 928 2685 lucis.

176 2715 245 2780 Non
261 2716 329 2799 vigil
345 2719 405 2780 aies
419 2719 458 2781 ibi
473 2719 580 2782 cristati
595 2720 730 2781 cantibus
744 2719 801 2781 oris

176 2811 292 2878 Evocat
306 2817 468 2880 Auroram:
491 2837 547 2880 nec
560 2837 634 2880 voce
649 2816 763 2879 silentia
777 2831 917 2901 rumpunt
1090 2821 1155 2885 235

174 2913 335 2978 Sollicitive
349 2937 449 2992 canes,
464 2917 624 2978 canibusve
638 2901 770 2998 sagacior
784 2937 879 2979 anser.
896 2965 901 2975 .
925 2985 931 3006 ¹

167 3005 243 3072 ‘Non
259 3011 330 3088 sera,
346 3033 404 3074 non
421 3014 562 3096 pecudes,
578 3036 635 3075 non
651 3015 723 3078 moti
739 3013 856 3077 flamine
872 3014 954 3093 rami,

174 3105 359 3170 Humanaevs
374 3128 479 3169 sonum
494 3111 620 3171 reddunt
635 3111 767 3174 convicia
782 3112 897 3194 linguar.

175 3201 263 3264 Muta
277 3205 361 3287 quies
376 3205 498 3268 habitat.
542 3205 625 3268 Saxo
640 3221 739 3270 tamen
754 3210 816 3271 exit
831 3209 869 3272 ab
884 3209 944 3273 imo

174 3299 270 3362 Rivus
285 3317 367 3385 aque
383 3301 513 3366 Lethes:
537 3325 693 3388 perquem
709 3327 779 3368 cunr
795 3327 943 3372 murmure
957 3308 1061 3372 labens
1088 3311 1154 3375 24⁰

174 3396 282 3460 lnvitat
297 3420 415 3461 somnos
429 3402 639 3483 crepitantibus
655 3403 731 3464 unda
748 3403 864 3485 lapillis.

177 3495 256 3558 Ante
271 3495 347 3560 fures
361 3498 435 3560 antri
451 3496 590 3562 soecunda
604 3521 753 3584 papavera
768 3501 885 3578 florent,
