2568 4248
174 397 235 460 1⁵6
566 407 759 458 uncorum.

170 551 235 618 Irus
248 572 349 634 egens,
365 551 539 635 pecor'sque
553 549 739 616 Melanthius
753 566 836 618 notor
848 555 971 634 edendi,

212 649 343 714 Ultimus
357 648 504 712 accedunt
517 648 546 712 in
562 663 613 713 tun
628 649 736 713 dumus
751 651 857 734 pudor.
1121 659 1164 720 90

168 747 246 812 Tres
260 768 362 810 sumus
376 747 510 810 imbelles
524 769 648 812 numero
662 769 670 824 ;
690 749 754 812 sine
769 749 878 814 viribus
892 773 983 829 uxor,

211 845 397 929 Ieinesque
411 865 516 922 senex,
530 845 792 931 Telemachusque
807 869 892 931 puer.

168 943 224 1010 llle
240 965 293 1028 per
306 944 424 1007 insidias
440 943 517 1027 pene
532 956 578 1006 est
591 943 663 1006 mibi
677 965 773 1028 nuper
787 945 945 1031 ademptus
957 969 967 1025 3

213 1041 296 1106 Dum
312 1056 405 1127 parat,
420 1042 516 1105 invitis
530 1041 676 1120 omnibus,
691 1042 733 1106 ire
749 1041 859 1126 Pylon.

169 1141 215 1207 Di
236 1163 341 1225 precor
355 1141 413 1204 hoc
423 1139 558 1225 jubeant,
572 1153 616 1215 ut,
632 1140 770 1204 euntibus
783 1141 886 1206 ordine
900 1140 980 1224 satis,
1119 1148 1162 1210 95

213 1239 268 1304 Ille
283 1261 367 1302 meos
380 1239 482 1301 oculos
496 1238 682 1321 comprimat,
697 1238 746 1302 ille
760 1254 837 1302 tuos.

169 1337 240 1404 Hoc
254 1337 366 1401 faciunt
379 1350 538 1421 custosque
553 1336 656 1412 bounr,
669 1337 863 1422 longcvuquc
877 1338 1001 1404 nutrix:

212 1435 343 1512 Tertius,
358 1435 515 1497 immuudae
528 1455 600 1497 curu
612 1434 706 1496 fidelis
721 1435 809 1498 herc.

170 1533 231 1598 Sed
247 1554 345 1616 neque
359 1532 496 1608 Insnes,
511 1545 545 1594 ut
560 1532 610 1616 qui
624 1532 661 1595 sit
676 1532 785 1596 inutilis
800 1533 898 1611 armis,

211 1629 356 1694 Hostibus
371 1631 401 1692 in
416 1629 519 1692 mediis
533 1650 624 1712 regnu
637 1643 739 1694 tenere
754 1631 844 1694 velet.
1095 1640 1157 1702 loo

167 1727 356 1792 Telemacho
370 1727 469 1791 veniet
487 1725 584 1814 (vivat
597 1726 703 1813 modd)
721 1726 821 1792 sortior
835 1742 922 1792 retes:

212 1823 303 1890 Nunc
318 1840 380 1890 erat
393 1826 509 1889 auxiliis
523 1825 573 1888 illa
586 1825 696 1888 tuenda
711 1826 812 1909 putris.

169 1922 236 1990 Nec
250 1925 323 1988 mihi
338 1938 406 1988 suut
420 1923 496 1986 vires
510 1923 642 1986 inimicos
657 1924 768 2006 pellere
783 1925 879 1989 tectis.

211 2021 261 2086 Tu
277 2023 363 2087 citilrs
377 2023 489 2099 venias,
504 2035 605 2106 portus
620 2035 651 2084 et
665 2043 715 2084 ara
729 2023 797 2086 tuis.

169 2119 226 2185 Est
241 2122 304 2199 tibi,
318 2122 425 2206 sitque,
441 2141 555 2203 precor,
571 2132 667 2196 natus,
683 2118 734 2203 qui
748 2120 886 2184 mollibus
898 2122 984 2186 hunis
1093 2129 1153 2190 105

211 2219 246 2284 Iu
263 2220 369 2304 patrias
384 2234 461 2282 artes
476 2217 653 2281 emdiendus
668 2230 742 2280 erat.

168 2318 301 2402 Respice
317 2319 464 2383 Laerten:
487 2330 521 2379 ut
531 2315 594 2401 jam
608 2337 662 2378 sua
676 2314 787 2380 lumine
800 2316 923 2384 condus.

211 2415 390 2479 Extremum
405 2414 455 2477 suti
469 2415 594 2478 sustinet
607 2414 656 2477 ille
670 2413 761 2476 diem.

168 2513 261 2579 Certe
276 2535 343 2596 ego,
359 2535 423 2597 quae
438 2511 563 2589 sueram,
577 2525 608 2575 te
623 2511 805 2589 discedente,
820 2513 930 2596 puelle,

209 2611 348 2678 Protinus
363 2624 396 2675 ut
410 2611 524 2688 redeas,
539 2609 617 2676 lacte
631 2610 754 2674 videbor
767 2631 851 2674 auus.
1090 2619 1153 2682 llo

496 2833 716 2903 EPISTOLA
739 2831 812 2897 vn.

548 3007 630 3051 omo
651 3005 763 3048 AENEAE·

165 3123 246 3202 sle,
261 3123 312 3186 ubi
327 3123 386 3186 fate
400 3133 518 3196 vocant,
532 3119 599 3182 udis
613 3119 745 3205 abjectus
760 3118 789 3181 in
804 3117 913 3197 herbis,

208 3221 259 3286 Ad
275 3220 350 3283 vedu
364 3217 508 3281 Maeandri
523 3216 652 3280 concinit
667 3216 749 3280 albus
766 3217 840 3290 olor.

165 3319 243 3396 Nec,
259 3319 327 3404 quia
341 3331 371 3380 te
385 3315 485 3379 nostri
499 3337 617 3401 sperem
632 3335 721 3400 prece
737 3336 824 3398 posse
838 3316 963 3394 moveri,

208 3418 369 3501 Alloquor:
393 3414 520 3478 adverso
533 3413 679 3476 movimus
694 3412 749 3476 ista
762 3412 830 3475 deo.

65 3563 69 3572 ·
164 3517 274 3584 Certus
289 3536 322 3578 es
337 3515 378 3578 ire
393 3525 504 3591 tamen,
519 3512 716 3596 miseramque
730 3510 896 3595 relinquere
911 3511 1011 3602 Dido:
1124 3519 1149 3584 ὅ

206 3617 309 3704 Atque
323 3612 402 3678 idem
418 3611 498 3676 venti
513 3609 580 3675 vela
594 3608 745 3694 fidemque
759 3607 866 3675 ferent.
