2586 4234
570 431 678 481 uren
701 431 723 480 l.

149 583 209 647 Illa
222 583 311 646 etiam
325 582 455 665 supplex
469 581 554 663 Argo
566 581 636 644 oum
650 580 770 644 brachia
783 579 875 644 vellet

149 681 294 744 Tendere
307 701 316 758 ;
337 702 396 742 non
412 679 525 756 babuit,
540 700 604 763 quae
619 679 737 741 brachia
750 677 884 742 tenderet
898 678 1001 762 Arsso:

151 778 332 863 Conatoque
346 778 430 862 queri
444 778 574 859 mugitus
589 776 680 838 edidit
694 797 763 839 ore:

150 877 370 959 ¹Pertimuitque
384 897 489 938 sonos:
513 875 690 958 propriique
705 875 846 957 exterrita
860 895 935 938 voce
949 887 1006 938 est.
1067 877 1132 940 520

197 973 291 1036 Venit
305 990 336 1036 et
350 973 386 1035 ad
403 974 490 1056 ripas,
505 973 555 1034 ubi
572 969 673 1034 ludere
688 995 766 1055 saepe
781 974 904 1048 solebat,

150 1071 309 1134 Inachidas
324 1073 417 1154 ripas:
441 1093 576 1156 novaque
591 1085 623 1132 ut
638 1071 792 1152 conspexit
810 1071 838 1133 in
854 1069 935 1132 unde

151 1167 287 1246 Cornua,
303 1169 463 1253 pertimuit,
478 1191 570 1252 seque
585 1185 739 1230 externata
754 1168 869 1250 refugit.

97 1321 104 1333 .
152 1267 267 1331 Naides
282 1269 425 1351 ignorant,
442 1270 553 1350 ignorat
569 1281 599 1329 et
617 1266 741 1328 lnacbus
757 1269 831 1350 ipse,

153 1365 233 1439 Quae
247 1367 295 1429 sit.
339 1368 382 1429 At
398 1367 446 1429 ille
462 1383 575 1449 patrem
590 1365 730 1448 sequitur,
744 1365 934 1449 sequiturque
948 1383 1078 1428 sororert

152 1462 196 1525 Et
211 1465 320 1546 patitur
333 1466 423 1545 tangi,
438 1485 529 1547 seque
546 1462 753 1525 admirantibus
768 1464 864 1526 offert.
1066 1463 1130 1526 526

153 1559 323 1643 Decerptas
337 1562 434 1623 senior
450 1577 619 1643 porrexerat
637 1561 762 1624 lnacbus
778 1561 901 1636 berbas;

121 1682 128 1687 ·
151 1656 209 1720 Illa
224 1680 327 1721 manus
341 1660 453 1733 lambit,
469 1659 626 1743 patriisque
642 1659 692 1721 dat
707 1660 808 1722 oscula
824 1659 945 1743 palmis3

152 1753 222 1818 Nec
236 1757 341 1818 retinet
355 1756 516 1839 lacrymas:
540 1771 580 1830 et,
595 1757 619 1817 si
635 1757 724 1818 modb
741 1759 829 1819 verba
843 1773 1013 1840 sequantur,

152 1852 230 1916 Oret
244 1875 351 1937 opem;
374 1876 541 1936 nomenque
556 1876 653 1929 suum,
668 1875 812 1938 casusque
829 1855 972 1938 loquatur.
1067 1857 1131 1919 5³0

152 1949 269 2013 Littera
285 1973 338 2034 pro
353 1953 459 2026 verbiS,
474 1975 561 2034 quam
579 1973 631 2034 pes
648 1954 674 2012 in
692 1954 813 2034 pulvere
827 1954 917 2030 ducit,

153 2047 298 2132 Corporis
312 2051 450 2111 indicium
467 2051 569 2112 mutati
587 2051 667 2111 triste
684 2050 807 2130 peregit.

152 2145 229 2208 ‘Me
245 2148 381 2209 miserum
393 2149 411 2210 l'
433 2149 580 2210 exclamat
597 2164 680 2230 pater
698 2146 839 2210 lnacbus:
863 2146 952 2231 inque
966 2145 1111 2229 gententir

152 2243 312 2322 ComibuS,
327 2260 357 2308 et
371 2246 464 2308 niveas
481 2246 612 2328 pendens
626 2246 743 2308 cervice
755 2245 903 2329 juvence,

153 2341 227 2405 ‘Me
242 2345 379 2406 miserum
390 2344 408 2406 l’
431 2345 601 2425 ingeminat.
646 2343 754 2405 ‘Tune
768 2365 801 2405 es
816 2344 934 2426 quesita
949 2363 1003 2428 per
1016 2363 1130 2420 manes,

152 2439 244 2517 Nata,
259 2442 330 2504 mihi
346 2444 456 2504 terras?
479 2441 529 2503 Tu
546 2463 603 2504 non
620 2442 739 2504 inventa
754 2443 873 2524 reperti
1067 2442 1131 2505 536

152 2537 268 2601 Luctus
283 2561 346 2601 eras
362 2541 464 2602 levior.
510 2539 650 2602 Retices:
674 2561 730 2602 nec
745 2557 847 2602 mutua
861 2538 966 2602 nostris

153 2635 246 2698 Dicta
260 2636 349 2699 refers
362 2659 369 2700 τ
393 2638 452 2700 alto
466 2653 579 2699 tantum
595 2638 716 2721 suspiria
734 2639 831 2720 prodis

153 2733 298 2796 Pectore:
323 2736 461 2819 quodque
475 2757 564 2796 unum
582 2751 677 2818 potes,
693 2736 730 2796 ad
746 2757 812 2797 mea
828 2735 916 2796 rerba
930 2753 1068 2817 remugrs.

153 2829 221 2894 Nec
237 2833 315 2894 finire
331 2834 399 2895 licet
415 2849 510 2895 tantos
526 2834 596 2895 mibi
613 2849 706 2895 morte
722 2833 853 2894 dolores:
1067 2833 1131 2894 540

153 2929 215 2991 Sed
232 2946 318 2992 nocet
335 2953 399 2992 esse
414 2932 521 2993 deum:
547 2933 745 3014 praeclusaque
755 2931 845 3015 janua
862 2929 912 2993 leti

152 3027 311 3090 AEternum
328 3045 440 3091 nostros
456 3031 552 3091 luctus
567 3030 701 3091 extendit
719 3031 745 3091 in
762 3028 879 3092 evuin!

152 3125 241 3189 Talia
257 3127 393 3189 moerenti
409 3128 540 3190 stellatus
555 3130 721 3203 submovet,
739 3129 846 3209 Argue,

153 3222 358 3308 Ereptamque
375 3227 447 3308 patri
463 3226 577 3288 diversa
594 3226 621 3287 in
640 3247 748 3308 pascua
763 3241 862 3286 natam

154 3323 318 3387 Abstrabit.
366 3322 433 3406 lpse
452 3325 551 3406 procul
568 3325 674 3385 montis
689 3324 813 3385 sublime
827 3342 971 3384 cacumen
1068 3322 1131 3382 545

132 3419 308 3503 'Occupat:
332 3422 411 3482 unde
427 3422 533 3483 sedens
551 3439 646 3503 partes
660 3422 831 3503 speculetur
845 3421 873 3480 in
888 3439 1002 3481 omnes.

195 3517 263 3580 Nec
278 3520 419 3601 superium
435 3535 530 3582 rector
544 3521 621 3582 mala
636 3536 717 3582 tanta
732 3516 916 3580 Phoronidos
932 3517 1008 3578 ultre

150 3613 245 3678 Ferre
261 3631 376 3702 potest:
400 3632 562 3699 natumque
578 3631 683 3693 vocat;
706 3637 796 3700 quem
811 3611 909 3674 lucida
923 3625 1008 3695 partu
