2568 4248
518 401 626 454 utana
648 401 723 452 1111.
1058 396 1118 458 119

135 546 226 613 stillo
240 561 325 634 patet
338 549 553 635 plagia-novus
567 565 612 614 est
626 571 778 614 successor
792 551 956 614 habendus.

139 699 142 704 .
181 643 336 740 Denique,
351 648 420 731 quid
438 646 534 710 verbis
548 669 624 731 opus
639 650 705 710 est?
727 662 896 731 spectemur
909 649 1047 730 agendo:

136 741 235 806 Arma
249 745 301 806 viri
317 743 399 807 sortis
413 744 527 808 medios
542 745 693 808 mittantur
708 745 737 808 in
752 746 871 822 hostes;
1054 749 1111 812 121

137 839 216 902 lnde
226 840 330 924 jubete
344 841 426 925 peti:
451 856 481 905 et
495 842 671 906 referentem
686 857 788 906 ornate
803 843 922 907 relatis.'

184 936 317 1001 Finierat
330 938 498 1003 Telamone
511 954 590 1004 satus
604 964 612 1018 ;
635 941 774 1024 vulgique
788 955 924 1006 secutum

139 1033 256 1098 Ultima
269 1057 401 1099 murmur
414 1051 493 1100 erat:
516 1037 613 1100 donec
628 1037 765 1101 Laerous
779 1039 867 1101 heros

139 1131 282 1196 Adstitit:
304 1147 394 1218 atque
408 1136 510 1198 oculos
524 1135 646 1218 paulum
662 1136 767 1198 tellure
780 1149 909 1200 moratos
1054 1137 1115 1200 125

139 1227 267 1294 Sustulit
281 1232 318 1294 sd
333 1252 471 1315 proceres
484 1255 492 1310 ;
514 1247 747 1318 exspectatoque
761 1233 881 1296 resolvit

139 1326 206 1390 Ora
219 1350 311 1392 sono:
334 1351 432 1415 neque
446 1331 530 1394 abest
543 1330 675 1394 facundis
690 1331 781 1412 gratia
795 1331 888 1394 dictis.

184 1425 240 1489 ‘Si
255 1447 322 1490 mea
335 1449 404 1508 cum
419 1429 522 1492 vestris
537 1428 696 1490 valuissent
711 1442 790 1506 vota,
805 1427 936 1510 Pelasgi,
1042 1485 1045 1492 .

139 1508 212 1588 Non
226 1510 301 1576 soret
316 1513 470 1596 ambiguus
484 1513 555 1577 tanti
570 1512 737 1577 certaminis
753 1511 863 1577 heres:

139 1606 253 1692 Tuque
267 1610 325 1672 tuis
339 1610 436 1686 annis,
452 1632 505 1674 nos
519 1624 549 1674 te
567 1625 747 1694 poteremur,
760 1611 889 1674 Achille.
1053 1613 1115 1676 130

140 1703 246 1778 Quem
261 1707 399 1790 quoniam
414 1729 472 1771 non
487 1729 570 1792 teque
584 1708 655 1771 mihi
670 1707 812 1792 vobisque
827 1707 972 1790 negluuut

139 1801 218 1866 Fata
230 1804 250 1880 ;'
275 1803 439 1890 (manuque
454 1805 540 1868 simul
556 1806 646 1869 veluti
660 1807 851 1890 lacrymantia
866 1805 950 1868 tersit

139 1899 287 1987 Lumina)
305 1903 391 1986 ‘quis
404 1924 512 1985 magno
525 1904 630 1967 melius
645 1904 785 1966 succedat
800 1903 923 1980 Achilli,

140 1995 246 2071 Quam
261 2021 316 2082 per
330 2020 419 2083 quem
433 2021 556 2083 magnus
570 2000 685 2064 Danais
701 2000 842 2062 successit
857 1999 1009 2062 Achilles?

184 2096 266 2160 Huic
280 2097 424 2160 modone
443 2099 544 2181 prosit,
560 2097 651 2182 qudd,
667 2111 698 2160 nt
714 2111 771 2174 est,
786 2096 878 2160 hebes
901 2115 966 2158 esse
983 2093 1113 2159 videtur:

140 2194 230 2257 Neve
245 2195 318 2258 mihi
332 2210 447 2273 noceat,
464 2195 543 2280 qudd
559 2196 642 2258 vobis
656 2215 786 2278 semper,
803 2193 924 2270 Achivi,
1055 2193 1116 2256 136

140 2291 258 2355 Profuit
268 2293 436 2374 ingenium:
458 2314 585 2377 meaque
601 2294 664 2356 hoc
678 2292 825 2370 facundia,
839 2291 864 2355 si
879 2305 1008 2375 quaest,

11 2431 13 2480 1
140 2389 220 2464 Quae
235 2411 315 2452 nunc
325 2411 379 2473 pro
393 2390 523 2468 domino,
539 2412 592 2474 pro
607 2391 689 2466 vobis
704 2411 782 2473 sepe
797 2391 895 2454 locuta
910 2403 965 2468 est,

139 2487 258 2550 Invidit
270 2500 388 2550 careat:
412 2487 490 2550 bona
503 2509 560 2552 nec
574 2509 628 2550 sua
643 2489 765 2572 quisque
780 2503 907 2552 recuset.

11 2599 12 2650 J
128 2584 221 2648 ‘Nam
237 2607 342 2666 genus,
358 2599 534 2670 etproavos,
549 2601 579 2649 et
595 2608 657 2670 quae
673 2608 730 2648 non
746 2585 869 2648 fecimus
885 2586 952 2670 ipsi,
1055 2586 1117 2646 140

141 2683 205 2745 Vix
221 2705 258 2745 ea
272 2698 370 2746 nostra
386 2705 471 2745 voco.
517 2684 683 2760 Sedenim,
699 2682 977 2766 quiaretulitAjex

141 2781 218 2844 Esse
233 2781 319 2844 Jovis
334 2802 492 2865 pronepos,
504 2781 593 2845 nostri
609 2801 727 2864 quoque
742 2780 891 2860 sanguinis
906 2791 1007 2839 auctor

113 2893 115 2897 ’
140 2879 260 2963 Jupiter
275 2892 339 2941 est:
363 2879 545 2963 totidemque
560 2869 667 2961 gradus
683 2878 824 2939 distamus
835 2876 872 2936 ab
886 2873 947 2936 illu.

11 2963 13 3028 ]
140 2975 220 3039 Nam
236 2977 310 3040 mihi
326 2976 450 3038 Laertes
465 2992 549 3061 pater
563 2991 618 3053 est,
633 2974 774 3038 Arcesius
790 2974 841 3050 illi,

12 3109 13 3134 ι
141 3073 260 3158 Jupiter
274 3075 365 3137 huic:
387 3095 485 3158 neque
501 3074 530 3138 in
545 3075 589 3137 his
605 3075 759 3158 quisquam
775 3072 928 3134 damnatus
942 3083 974 3134 et
988 3070 1085 3134 exsul.

142 3173 198 3236 Est
213 3194 333 3257 quoque
348 3194 404 3257 per
418 3187 541 3236 matrem
557 3171 713 3255 Cyllenius
728 3171 828 3234 addita
841 3169 925 3232 nobis
1056 3170 1118 3232 146

143 3271 247 3333 Altera
262 3270 417 3332 nobilitas:
446 3270 520 3332 deus
535 3269 624 3332 estin
639 3283 763 3352 utroque
779 3281 912 3352 parente.

13 3365 14 3390 ³
143 3368 203 3430 Sed
218 3388 318 3450 neque
333 3381 466 3430 materno
482 3367 642 3451 quodsum
658 3367 825 3448 generosior
840 3379 916 3444 ortu,

89 3517 98 3544 ,
143 3465 209 3529 Nec
223 3466 298 3528 mihi
313 3465 393 3548 qudd
408 3480 492 3549 pater
506 3479 551 3528 est
566 3465 682 3528 fraterni
698 3465 846 3546 sanguinis
860 3464 971 3538 insons,

143 3563 302 3648 Proposita
316 3585 398 3626 anna
412 3576 499 3648 peto:
522 3565 633 3626 meritis
648 3563 810 3646 expendite
825 3579 955 3623 causam.
1060 3555 1121 3618 150
