2568 4248
514 441 622 494 blesa
637 441 696 494 XV.
1041 435 1102 500 149

123 591 207 656 Cum
220 591 342 656 lunone
357 591 461 678 magis.
505 591 590 668 Quid
603 614 683 659 nunc
697 593 816 678 antiqua
830 595 967 660 recordor

123 689 248 754 Damna
262 691 321 754 mei
335 693 472 774 generis?
493 691 582 755 timor
595 692 644 754 bic
657 691 826 755 meminisse
841 693 970 778 priorum

124 785 196 850 Non
212 789 289 852 sinit.
335 788 370 851 In
386 811 435 851 me
451 788 516 852 acui
530 779 688 852 sceleratos
701 790 819 854 cernitis
832 811 938 868 enses3
1126 853 1130 860 .

125 885 215 959 Quos
230 887 395 970 prohibete,
411 908 532 971 precor3
554 886 725 972 facinusque
740 887 891 972 repellite:
914 909 990 952 uere
1037 891 1102 956 23⁰

125 983 221 1063 Caede
235 985 394 1048 sacerdotis
410 985 543 1046 flammas
557 985 736 1068 exstinguite
755 983 877 1048 Veste?

169 1080 256 1144 Talia
269 1083 466 1167 nequicquam
481 1095 544 1145 toto
560 1081 664 1145 Venus
679 1083 767 1146 anxia
782 1083 860 1146 coelo

125 1178 227 1241 Verba
246 1179 329 1265 jacit,
344 1201 526 1264 superosque
541 1195 654 1243 movet.
699 1178 762 1255 Qui
778 1203 916 1266 rumpere
932 1201 1101 1267 quanquam

125 1275 238 1340 Ferrea
252 1301 312 1340 non
326 1293 449 1361 possunt
465 1293 599 1340 veterum
614 1279 734 1340 decreta
749 1279 900 1358 Sororum,

124 1375 217 1458 Signa
231 1391 330 1438 tamen
345 1376 441 1438 luctirs
456 1376 526 1438 dant
542 1376 620 1438 baud
636 1378 745 1439 incerta
761 1375 858 1440 littori.
1038 1378 1102 1442 235

168 1473 262 1536 Arma
277 1473 372 1536 lerunt
388 1474 461 1536 inter
475 1474 571 1556 nigras
585 1473 758 1557 crepitantia
773 1475 876 1554 nubes,

123 1569 345 1655 Terribilesque
359 1572 455 1648 tubas,
471 1571 628 1655 auditaque
643 1593 753 1634 cornua
766 1571 845 1636 coelo

126 1667 340 1732 praemonuisse
354 1669 446 1732 nefas.
491 1655 600 1732 Phoebi
616 1689 734 1754 quoque
749 1671 837 1735 tristis
851 1672 949 1755 imago

123 1767 237 1830 Lurida
251 1768 380 1832 sollicitis
396 1768 545 1852 prebebat
560 1768 671 1830 lumina
685 1769 779 1830 terris.

123 1865 212 1949 Saepe
228 1863 307 1928 saces
322 1865 390 1928 visa
406 1865 508 1928 mediis
523 1865 625 1928 ardere
641 1864 696 1927 sub
710 1865 812 1928 astris:
1038 1865 1103 1930 240

124 1963 212 2046 Saepe
228 1965 304 2025 inter
317 1963 432 2025 nimbos
449 1976 536 2045 guttae
552 1963 687 2026 cecidere
704 1979 844 2026 cruente.

123 2059 260 2123 Caerulus
275 2075 305 2122 et
321 2059 435 2122 vultum
452 2059 597 2142 ferrugine
612 2057 734 2123 Lucifer
747 2061 811 2122 atrb

123 2159 251 2241 Sparsus
266 2172 344 2221 erat:
368 2159 461 2241 sparsi
475 2157 609 2221 Lunares
624 2158 766 2240 sanguiue
780 2179 893 2222 currus.

122 2256 234 2320 Tristia
248 2257 328 2320 mille
343 2256 415 2319 locis
430 2257 552 2340 Stygius
566 2257 648 2320 dedit
662 2257 761 2321 omina
776 2257 872 2320 bubo:

125 2355 210 2418 Mille
226 2355 297 2418 locis
308 2354 481 2438 lacrymavit
492 2357 582 2418 ebur:
605 2355 912 2440 cantusqueseruntur
974 2339 988 2362 ’
1038 2355 1103 2420 W

122 2454 240 2529 Auditi,
256 2453 362 2515 sanctis
377 2468 406 2516 et
421 2453 510 2514 verba
525 2453 648 2516 minacia
663 2455 748 2518 lucis.

128 2549 257 2614 Victima
272 2551 352 2613 nulla
366 2550 446 2613 litat:
471 2573 651 2634 magnosque
667 2552 772 2616 instare
789 2553 931 2617 turnultus

122 2647 150 2712 F
151 2649 215 2713 ibra
230 2663 349 2725 monet;
371 2670 539 2732 casumque
554 2664 644 2734 caput
658 2651 802 2734 reperitur
816 2651 845 2713 in
860 2651 968 2714 extis..

122 2747 220 2831 loque
236 2747 309 2823 loro,
323 2747 494 2830 circumque
509 2748 624 2824 domos,
640 2763 670 2810 et
684 2749 796 2832 templa
812 2747 935 2810 deorum

121 2844 294 2908 Nocturnos
308 2844 437 2906 ululasse
452 2866 559 2920 canes;
583 2847 758 2929 umbrasque
774 2844 912 2907 silentum
1039 2845 1104 2908 5250

122 2943 278 3004 Eriavisse
294 2943 399 3019 serunt,
415 2956 585 3026 ittotamque
601 2942 775 3006 tremoribus
791 2942 894 3005 urbem

122 3040 193 3103 Non
210 3057 308 3102 tamen
325 3041 452 3116 insidias,
468 3055 650 3122 venturaque
666 3041 784 3102 vincere
800 3038 859 3102 lata

121 3139 319 3202 Prremonitus
335 3139 459 3221 potuere
475 3138 582 3200 derim:
606 3138 756 3221 strictique
773 3136 904 3200 seruntur

122 3236 155 3298 ln
173 3237 319 3319 templum
335 3237 440 3316 gladii:
465 3257 562 3318 neque
578 3235 655 3296 enim
672 3236 753 3297 locus
768 3235 844 3298 ullus
860 3235 888 3297 in
904 3233 989 3299 Urbe

121 3336 173 3398 Ad
191 3334 314 3410 lacinus,
330 3334 481 3418 diramque
498 3334 605 3416 placet,
621 3333 674 3394 nisi
691 3333 793 3410 Curia,
807 3333 932 3396 cedem.
1040 3331 1104 3396 25⁵

165 3431 248 3494 Tum
266 3432 337 3492 verb
353 3430 507 3514 Cytherea
522 3452 609 3492 uranu
626 3431 769 3513 percussit
784 3431 908 3516 utraque

121 3529 252 3592 Pectus:
277 3544 308 3592 et
323 3528 451 3591 aetherei
464 3528 581 3591 molitur
594 3528 721 3592 condere
736 3530 826 3606 nube,

122 3627 196 3700 Qua
211 3628 294 3711 pribs
310 3626 416 3689 infesto
431 3625 515 3688 Paris
530 3640 575 3689 est
591 3641 710 3710 ereptus
726 3626 848 3702 Atridae,

430 3725 497 3787 13*
