2568 4248
500 463 609 517 lm!
624 463 672 517 n.

479 733 617 802 LIBER
638 733 699 803 XI.

534 954 644 998 urnas.

538 1135 569 1179 v.
584 1117 638 1179 89.

96 1297 189 1362 lluno
204 1298 328 1361 adsueta
342 1299 449 1362 cohors
463 1297 572 1381 Sanni,
588 1298 775 1383 Bacchoque
790 1299 992 1384 frequentantr

97 1398 140 1458 At
156 1397 274 1460 Silenus
289 1398 385 1459 abest.
429 1395 620 1460 'Iitubantem
637 1397 777 1480 annisque
792 1418 934 1483 memque

96 1492 246 1557 Ruricolae
261 1497 373 1576 cepere
388 1492 542 1576 Phryges:
567 1496 756 1578 vinctumque
769 1497 883 1558 coronis

97 1590 149 1652 Ad
165 1613 266 1673 regem
282 1593 400 1653 traxere
415 1589 535 1654 Midan:
558 1593 605 1654 cui
620 1589 768 1654 Thracius
782 1593 923 1677 Orpheus

97 1687 191 1770 Orgia
206 1688 373 1764 tradiderat,
388 1709 457 1750 cum
472 1689 622 1772 Cecropio
639 1686 797 1774 Eumolpo.
1053 1695 1075 1758 d

98 1784 163 1858 Qui
178 1786 264 1847 simul
280 1786 399 1868 agnovit
414 1785 526 1848 socium
541 1787 739 1870 comitemque
753 1807 912 1868 suetonum,

100 1881 235 1966 Hospitis
250 1884 381 1946 adventu
396 1883 502 1946 festum
517 1885 668 1965 genialiter
681 1885 743 1966 egit

99 1977 162 2042 Per
175 1981 219 2041 bis
234 1982 365 2064 quinque
380 1981 453 2057 dies,
469 1996 499 2043 et
509 1982 627 2066 junctas
642 1983 744 2044 ordine
758 1995 873 2046 noctes.

143 2077 185 2140 Et
195 2078 257 2162 jam
272 2079 421 2142 stellarum
436 2080 560 2142 sublime
574 2083 714 2160 co'igerat
728 2100 834 2160 agmen

101 2173 222 2238 Lucifer
236 2177 419 2253 undecimus,
434 2176 537 2260 Lydos
551 2179 620 2240 oiim
636 2177 717 2238 laetus
732 2177 760 2238 in
778 2197 863 2258 agros
1036 2177 1077 2243 10

100 2271 173 2334 Rex
189 2274 287 2350 venit3
309 2287 339 2335 et
351 2273 453 2357 juveni
468 2274 602 2336 Silenum
618 2275 712 2338 reddit
731 2275 862 2337 alumno.

101 2369 182 2433 Huic
196 2371 270 2432 deus
284 2371 404 2453 optandi
420 2384 545 2453 gratum,
560 2371 611 2434 sed
628 2373 740 2448 inutile,
756 2371 826 2435 fecit

99 2465 234 2531 Muneris
249 2469 408 2545 arbitrium,
423 2468 554 2550 gaudens
569 2469 660 2532 altore
675 2483 807 2552 recepto.

99 2563 156 2627 Ille
169 2566 246 2626 mal'e
262 2585 366 2626 usurus
380 2565 474 2641 donis,
487 2565 536 2643 ait,
553 2565 679 2643 ‘Effice,
695 2567 836 2651 quidquid

99 2660 234 2745 Corpore
249 2664 411 2744 contigero,
426 2662 539 2725 fulvum
555 2679 684 2727 vertatur
698 2667 726 2727 in
743 2664 868 2727 aumm.’
1034 2667 1075 2730 15

99 2761 214 2824 Adnuit
228 2761 353 2844 optatis:
377 2762 569 2844 nocituraque
584 2783 706 2824 munera
719 2763 805 2824 solvit

98 2856 207 2934 Liber'3
230 2873 260 2921 at
275 2859 408 2933 indoluit,
424 2859 503 2942 quid
519 2881 577 2921 non
593 2858 713 2920 meliora
729 2859 861 2941 petisset.

141 2955 242 3049 Latus
257 2957 335 3031 abit3
359 2957 527 3040 gaudetque
542 2957 621 3018 malo
635 2955 856 3038 Berecynthius
871 2954 976 3018 herost

98 3052 328 3136 Pollicitamque
343 3054 431 3115 fidem
447 3055 595 3135 tangendo
610 3054 722 3136 singula
738 3069 840 3116 tentat.

99 3149 221 3235 Vixque
236 3153 289 3213 sibi
305 3152 439 3227 credone,
455 3175 512 3214 non
529 3152 588 3214 alti
603 3153 704 3215 fronde
721 3153 862 3215 virentem
1033 3151 1077 3216 20

97 3248 169 3310 llice
185 3249 313 3310 detraxit
331 3249 458 3328 virgam:
483 3251 564 3326 vireo
580 3272 665 3312 aurea
684 3250 828 3312 lactarent.

97 3345 189 3408 Tollit
206 3349 299 3407 humo
313 3367 435 3408 eruum:
459 3369 563 3408 saxum
579 3367 697 3430 quoque
714 3349 815 3430 palluit
830 3369 912 3411 auro.

98 3445 231 3526 Contigit
248 3461 277 3506 et
294 3447 429 3526 glebam:
452 3463 588 3508 contactu
605 3449 689 3528 glebo
707 3447 818 3530 potenti

98 3543 198 3606 Marsa
214 3545 256 3604 tit.
304 3544 433 3606 Arentes
449 3543 568 3606 Cereris
584 3545 731 3627 decerpsit
747 3545 866 3606 aristas:

97 3642 198 3704 Aurea
212 3641 319 3704 messis
334 3655 407 3704 erat.
452 3641 619 3725 Demptum
634 3656 716 3704 tenet
731 3642 833 3702 arbore
849 3654 989 3720 pomum:
1033 3637 1078 3702 25

314 3740 362 3800 9*
