2568 4248
154 413 217 478 166
552 419 746 472 uuuoruus.

152 571 210 635 Ibis
224 571 388 656 Cecropios
403 585 515 656 portus,
529 572 683 656 patriique
698 584 837 654 receptus
979 533 1002 576 ⁹
1071 567 1133 631 125

193 667 273 734 Clun
289 670 403 733 steteris
418 669 497 732 urbis
511 671 608 732 celsus
622 669 652 732 in
667 689 734 730 erce
749 681 817 734 tuae.

151 765 193 830 Et
207 768 284 830 bene
298 768 422 830 nutriris
438 769 530 830 letum
545 767 677 850 taurique
694 765 818 849 virique,

194 863 342 949 Sectaque
358 887 412 950 per
425 865 528 926 dubias
543 885 633 926 saxea
648 877 728 926 tecta
744 863 823 940 vias3

151 958 206 1024 Me
222 982 339 1047 quoque
353 976 469 1024 narrato
484 961 546 1023 soli
560 961 665 1023 tellure
680 961 830 1023 relictam:

195 1057 266 1122 Non
279 1080 337 1141 ego
351 1080 415 1121 sum
430 1058 519 1121 titulis
533 1058 720 1142 subripienda
739 1058 806 1121 tuis.
1070 1058 1133 1121 tat)

152 1153 183 1219 N
185 1177 220 1219 ec
235 1170 320 1240 pater
333 1170 378 1218 est
392 1155 525 1238 AEgeus3
547 1175 603 1218 nee
618 1169 650 1218 tu
665 1155 834 1218 Pittheidos
848 1152 962 1216 AEtlrrae

196 1253 308 1318 Filius:
332 1269 464 1318 auctores
480 1275 553 1317 saxa
565 1253 731 1339 fretumque
745 1254 798 1316 tui.

153 1350 197 1414 Di
212 1351 352 1431 iacerent,
367 1366 400 1414 ut
414 1374 462 1415 me
477 1351 594 1414 summai
608 1352 645 1414 de
662 1372 764 1435 puppe
780 1349 913 1414 videres!

195 1447 341 1512 Movisset
356 1451 454 1512 vultus
469 1449 681 1532 nroestafigure
694 1462 772 1533 tuos,

152 1544 243 1610 Nunc
257 1568 375 1631 quoque
390 1568 448 1610 non
464 1548 568 1624 oculis,
583 1547 647 1624 sed,
663 1546 723 1630 quia
735 1559 832 1630 potes,
848 1545 967 1628 adspice
983 1556 1086 1607 mente

195 1641 367 1707 Haerentem
381 1645 514 1728 scopulo,
529 1666 618 1728 quem
635 1665 709 1726 vaga
722 1643 820 1727 pulsat
834 1662 920 1726 aqua.
1068 1642 1131 1706 136

153 1740 286 1824 Adspice
301 1741 442 1804 demissos
456 1742 583 1824 lugentis
597 1741 627 1804 in
641 1763 692 1804 ore
706 1740 829 1825 capillos
838 1760 859 1818 3.

195 1838 238 1902 Et
252 1839 364 1902 tunicas
377 1840 525 1924 lacrymis,
540 1841 616 1902 sicut
630 1839 667 1901 ab
681 1839 784 1916 imbre,
798 1858 912 1920 graves.

152 1934 283 2020 Corpus,
297 1951 330 2000 ut
344 1937 475 2021 impulsae
491 1950 606 2018 segetes
621 1935 829 2020 Aquilonibus,
845 1935 963 1998 horret:

195 2033 355 2120 Literaque
371 2036 493 2098 articulo
508 2055 608 2120 presse
622 2047 767 2098 tremente
782 2033 871 2097 labat.
935 2060 937 2064 ’
1069 2035 1131 2099 140

153 2133 223 2199 Nou
238 2150 269 2200 te
284 2158 339 2221 per
352 2137 502 2213 meritum,
518 2137 655 2220 quoniam
670 2137 748 2198 malt
763 2135 862 2214 cessit,
876 2135 977 2198 adoro.

196 2232 308 2296 Debita
322 2234 359 2296 sit
375 2232 452 2296 facto
467 2234 558 2316 gratia
572 2233 653 2296 nulla
668 2255 752 2296 meo:

154 2329 214 2393 Sed
229 2351 285 2394 nec
300 2353 389 2415 poena
404 2332 534 2416 quidem.
580 2331 612 2395 Si
627 2353 685 2418 trop
700 2352 758 2414 ego
770 2352 860 2395 causa
878 2331 990 2409 salutis,

195 2425 226 2491 N
228 2448 266 2489 on
280 2442 379 2491 tamen
395 2444 450 2505 est,
464 2431 570 2492 cursis
584 2445 616 2492 tu
632 2429 703 2494 milri
717 2450 805 2492 causa
822 2430 912 2494 necis.

153 2520 218 2586 Has
232 2524 295 2601 tibi,
310 2524 477 2608 plangendo
492 2527 625 2607 lugubria
640 2541 760 2610 pectora
773 2527 874 2605 lassas,
1069 2529 1134 2593 146

195 2619 303 2685 lnselix
318 2622 408 2685 tendo
423 2637 501 2686 trans
517 2621 589 2686 sreta
604 2624 693 2707 longa
707 2647 822 2688 manus.

153 2718 219 2784 Hos
233 2720 295 2798 tibi,
311 2721 361 2805 qui
375 2737 524 2804 superant,
539 2721 664 2785 ostendo
679 2737 785 2785 moesta
799 2722 930 2805 capillos.

195 2818 257 2881 Per
270 2819 415 2902 lacrymas
429 2841 492 2897 oro,
507 2842 578 2904 quas
594 2834 644 2883 tua
659 2818 736 2882 sacta
750 2833 888 2883 movent:

153 2913 258 2978 Flecte
273 2930 377 2992 ratem,
392 2915 533 2993 Theseu;
558 2938 701 3001 versoque
716 2917 847 2980 relabere
863 2917 940 2981 velo.

195 3011 228 3075 Si
243 3013 322 3095 prids
336 3013 494 3090 occidero3
516 3028 546 3076 tu
562 3028 662 3077 tamen
677 3036 743 3077 ossa
756 3015 848 3099 leges.
1069 3017 1132 3080 15⁰
