2572 4242
196 467 237 529 18
505 469 854 524 METAMORPHOSEON

194 631 204 662 ‘
212 621 284 701 Fer,
298 622 403 707 pater,’
419 623 522 706 inquit,
538 630 663 705 ‘opem;
684 623 708 686 si
723 623 845 686 flumina
858 644 968 686 numen
983 623 1121 688 hebetis!

194 718 257 784 Vix
272 743 362 804 prece
376 721 467 798 finita,
482 735 583 804 torpor
596 723 691 803 gravis
706 722 804 803 aiiigat
819 738 915 785 artus:
1109 726 1170 789 491

192 816 299 882 Mollia
312 819 469 902 cinguntur
482 819 564 881 tenui
581 819 739 901 praecordia
753 819 843 881 libro:

100 988 102 992 Α
192 914 228 978 in
245 915 375 978 frondem
390 917 496 992 crines,
512 918 540 978 in
557 939 653 978 ramos
669 917 787 979 brachia
801 932 948 980 crescunt.

193 1013 264 1090 Pes,
279 1014 368 1076 modu
384 1030 442 1076 tarn
459 1015 558 1090 velox,
575 1015 662 1097 pigris
678 1015 822 1076 radicibus
837 1015 945 1077 haeret:

193 1111 256 1174 Ora
270 1133 411 1174 cacumen
427 1111 507 1174 obit:
532 1130 662 1174 remanet
680 1113 753 1174 uitur
768 1135 843 1174 unus
859 1113 887 1174 in
904 1111 975 1174 illa..
1109 1116 1174 1178 495

192 1208 252 1272 Cui
268 1210 352 1284 deus,
368 1211 428 1271 ‘At
442 1210 551 1292 conjux
569 1210 707 1293 quoniam
724 1231 789 1271 mea
806 1233 862 1271 non
880 1207 964 1292 potes
979 1231 1057 1288 esse,

193 1307 291 1370 Arbor
305 1309 361 1369 eris
376 1308 479 1379 certiss
495 1309 579 1383 dixit,
595 1316 690 1369 ‘mea
736 1308 863 1390 Semper
878 1309 1029 1388 habebunt
1113 1320 1115 1324 '

192 1404 241 1467 Te
256 1427 352 1480 coma,
367 1419 396 1468 te
411 1407 540 1479 citharae,
557 1420 586 1467 te
602 1422 716 1480 nostrae,
732 1406 823 1480 lanre,
842 1407 994 1488 pharetra.

193 1501 243 1565 Tu
259 1503 382 1565 ducibus
400 1503 491 1565 Latiis
506 1503 610 1578 aderis,
625 1507 655 1566 cf
665 1527 692 1565 m
710 1505 774 1566 laeta
789 1504 971 1586 triumphum

194 1597 265 1662 Vox
280 1617 385 1675 canet;
408 1619 438 1663 et
454 1602 545 1681 iongae
561 1602 655 1664 visent
671 1601 818 1684 Capitolia
836 1623 963 1685 pompae.
1109 1605 1173 1666 500

193 1698 332 1761 Postibus
348 1695 489 1780 Augustis
505 1700 609 1761 eudem
626 1701 763 1761 fidissima
777 1716 876 1762 custos

192 1796 274 1858 Ante
292 1796 366 1859 sores
382 1799 488 1872 stabis;
511 1799 697 1880 mediamque
713 1799 833 1859 tuebere
850 1820 1003 1881 quercum.

193 1892 295 1978 thue
311 1917 410 1956 meuru
427 1896 546 1957 intonsis
561 1911 649 1977 caput
666 1911 709 1956 est
720 1895 853 1979 juvenile
869 1897 1000 1980 capiliis;

192 1990 241 2054 Tu
258 2014 375 2075 quoque
393 2012 549 2076 perpetuos
565 2015 682 2076 semper
697 2015 765 2074 gere
783 1992 889 2055 frondis
906 1993 1053 2056 bonores!

235 2088 365 2153 Finierat
385 2091 483 2153 Paean.
529 2090 629 2153 Factis
645 2092 733 2152 modo
749 2092 847 2154 laurea
863 2093 949 2153 rantis
1107 2093 1172 2155 505

192 2185 323 2252 Annuit:
347 2206 437 2274 utque
452 2204 553 2274 caput,
571 2191 632 2252 visa
646 2207 691 2252 est
705 2190 830 2272 agitasse
845 2211 1002 2255 cacumen.

564 2441 597 2484 10
620 2441 662 2482 ΕΤ
684 2441 798 2484 Ancus.

619 2624 649 2666 v.
665 2605 739 2666 625.

192 2772 324 2836 Centum
339 2774 497 2837 inminibus
511 2763 645 2838 cinctum
656 2791 746 2859 caput
764 2776 860 2858 Argus
876 2777 1016 2840 habebat.

192 2870 265 2934 lude
281 2874 339 2934 suis
356 2875 466 2935 vicibus
481 2875 638 2957 capiebant
653 2875 719 2936 bina
736 2876 883 2957 quietern:

144 3047 147 3057 Ι
191 2968 309 3032 Caetera
323 2973 488 3048 servabant,
505 2990 592 3055 atque
610 2975 637 3034 in
653 2974 777 3034 statione
794 2972 961 3033 manebant.

192 3065 370 3131 Constiterat
388 3092 565 3152 quocunque
582 3057 687 3142 modo}
710 3069 861 3150 spectabat
872 3051 916 3130 'ad
932 3068 986 3129 lo:
1019 3125 1021 3128 .
1106 3069 1169 3130 510

194 3164 273 3227 Ante
289 3167 449 3242 corrosit,
466 3168 600 3249 quamvis
615 3186 744 3237 aversus,
760 3164 896 3226 habebut.

191 3261 275 3324 Luce
290 3265 356 3326 sinit
375 3266 469 3346 pasci:
493 3267 560 3326 cim
577 3263 618 3323 sol
635 3261 738 3322 tellure
754 3261 809 3321 sub
825 3262 884 3322 aba
898 3274 954 3338 est,

191 3358 323 3435 Claudii,
340 3377 369 3422 et
385 3362 503 3440 indigno
517 3359 679 3420 circumdat
697 3358 810 3419 vincula
826 3358 914 3420 coilo.

191 3455 358 3519 Frondibus
374 3458 511 3531 arbuteis,
527 3471 556 3517 et
572 3455 670 3516 amarit
687 3455 814 3538 pascitur
828 3455 938 3516 herba:

191 3551 311 3635 Proque
328 3539 402 3629 toi-c,
418 3569 510 3629 terrae,
525 3575 583 3615 non
598 3574 717 3635 semper
730 3574 851 3635 gramen
867 3549 1000 3628 babenti,
1106 3553 1167 3614 515

191 3648 315 3711 lucubat
331 3650 450 3728 inselix3
472 3652 633 3736 limosaque
649 3651 770 3714 flumina
784 3665 875 3736 potat.
