2568 4248
161 417 223 482 168
551 421 743 472 Eunomus,

159 571 199 638 Ut
213 572 299 638 rediit
313 592 438 650 animus,
453 573 562 655 pariter
577 569 690 633 redidre
706 569 840 646 dolores3

197 670 327 736 Pectora
343 670 490 753 legitimus
505 684 586 732 casta
600 668 758 732 momordit
773 689 865 730 amor.

154 767 223 834 Nec
237 769 310 832 mihi
326 769 490 852 pectendos
504 789 576 830 oura
590 781 635 829 est
651 766 782 850 praebere
796 765 937 850 capillos:

197 865 265 931 Nec
279 866 353 930 libet
368 865 470 929 aurati
483 887 607 949 corpora
623 878 705 926 veste
722 864 793 946 tegi.

153 963 199 1030 Ut
214 986 286 1049 ques
301 963 463 1049 pampineis
476 963 607 1046 tetigisse
622 961 799 1044 Bicorniger
812 961 898 1024 hastd

199 1062 358 1141 Creditur;
381 1063 440 1124 huc
454 1063 535 1138 illuc,
551 1061 611 1145 quo
628 1059 707 1122 suror
721 1060 792 1142 egit,
808 1081 857 1121 eo.

155 1160 350 1232 Conveniunt
365 1173 473 1222 matres
488 1159 674 1242 Phylleides‚
691 1172 720 1220 et
736 1158 809 1220 mihi
823 1157 964 1236 clamant,

198 1258 312 1322 ‘Indue
327 1258 452 1340 regales,
467 1257 642 1333 Laodamia,
657 1255 759 1318 sinus!

154 1357 275 1422 Scilicet
289 1357 353 1440 ipsa
367 1377 468 1438 geram
482 1368 625 1418 saturatas
639 1355 751 1416 murice
767 1366 885 1416 vestes:

196 1453 285 1518 Bella
300 1454 355 1515 sub
371 1453 467 1515 Iliacis
481 1453 628 1515 moenibus
644 1451 692 1514 ille
707 1453 811 1533 gerat?

152 1549 222 1615 losa
236 1571 337 1614 comas
351 1565 470 1634 pectar:
494 1550 582 1632 galea
594 1564 686 1632 caput
701 1551 749 1612 ille
764 1551 938 1633 prematur?

196 1647 266 1732 Ipsa
280 1670 372 1710 novas
388 1664 487 1710 vestes
497 1671 513 1710 z.
529 1648 602 1710 dura
619 1647 663 1710 vir
678 1669 757 1710 anna
772 1647 869 1710 serat?

154 1744 228 1819 Qut
242 1767 373 1830 possum,
388 1747 524 1830 squalore
539 1760 605 1808 tuos
620 1745 733 1809 imitata
748 1746 862 1808 labores

196 1844 305 1908 Dicar:
329 1846 438 1906 etheo
453 1845 522 1906 belli
538 1859 672 1928 tempora
687 1843 774 1906 tristis
790 1865 887 1926 agam.

153 1941 229 2006 Dux
244 1942 314 2006 Pari
328 1941 490 2020 Priamide,
505 1943 614 2004 damno
629 1941 756 2004 formose
771 1956 900 2019 tuorum,

195 2039 275 2104 Tam
289 2041 328 2104 sis
344 2042 435 2104 hostis
450 2041 538 2120 iners,
554 2040 644 2124 quam
658 2040 754 2102 malus
769 2041 878 2123 hospes
894 2062 969 2104 eras.

152 2139 218 2203 Aut
232 2153 262 2202 te
277 2139 421 2202 Taenariae
437 2137 544 2202 faciem
558 2137 697 2221 culpasse
712 2138 833 2214 maritae,

183 2239 260 2300 »Aut
274 2238 315 2301 illi
331 2239 439 2301 vellem
455 2239 637 2320 displicuisse
652 2252 745 2299 tuam.

151 2337 215 2416 Tu,
231 2338 281 2421 qui
297 2355 350 2421 pro
364 2337 450 2421 rapti
464 2338 597 2415 nimium,
612 2336 765 2415 Menelai,
780 2337 904 2416 laboras,

195 2433 256 2497 Hei
271 2435 354 2512 mihi,
371 2437 460 2519 qudnr
475 2436 574 2498 multis
589 2435 694 2497 flebilis
710 2436 786 2498 ultor
800 2436 875 2498 eris!

152 2531 206 2608 Di,
222 2553 337 2614 precor,
352 2554 371 2594 a
386 2533 469 2595 nobis
485 2554 573 2594 omen
589 2547 742 2596 removete
757 2534 921 2596 sinistrum:

194 2628 237 2692 Et
251 2651 304 2692 sua
319 2629 369 2694 det
384 2630 485 2694 reduci
501 2631 544 2693 vir
558 2652 643 2692 meus
658 2653 739 2694 arma
753 2631 834 2694 Jovi.

151 2727 212 2791 Sed
229 2729 337 2793 timeo:
362 2729 536 2814 quotiesque
552 2729 630 2792 subit
644 2730 809 2792 miserabile
826 2730 948 2808 bellurn,

194 2825 282 2890 More
297 2828 384 2906 olvis,
400 2829 548 2911 lacrymae,
563 2828 625 2890 sole
640 2828 797 2904 madentis,
812 2842 894 2890 eunt.

152 2924 227 2987 llion
242 2939 273 2988 et
287 2925 440 3002 Tenedos
456 2927 635 3010 Simoisque,
652 2939 682 2988 et
698 2924 850 3004 Xanthus,
865 2941 896 2989 et
910 2925 974 3004 lde,

194 3020 324 3084 Nomina
339 3037 407 3084 sunt
421 3023 486 3105 ipso
500 3024 578 3104 pene
594 3023 726 3086 timenda
740 3045 823 3086 sono.

151 3115 218 3178 Neo
233 3139 337 3200 rapere
352 3140 485 3196 ausurus,
500 3119 555 3181 nisi
571 3141 602 3181 sc
618 3119 778 3183 defendere
795 3135 905 3206 posset,

193 3213 313 3298 Hospes
329 3231 409 3278 erat:
434 3217 510 3278 vires
526 3231 648 3280 noverat
663 3218 712 3280 ille
728 3241 806 3281 suas.

153 3311 284 3375 Venerat
302 3311 349 3400 (ut
364 3312 442 3376 sarna
457 3319 517 3400 est)
535 3315 629 3378 multo
643 3317 812 3399 spectabilis
828 3337 909 3393 auro,

194 3409 317 3495 Quique
333 3433 387 3474 suo
403 3411 549 3495 Phrygias
564 3436 688 3496 corpore
704 3413 791 3477 ferret
807 3436 890 3498 opes.

151 3508 257 3572 Classe
273 3508 400 3594 virisque
417 3524 534 3594 potens,
550 3533 603 3595 per
618 3511 760 3596 quesere
774 3514 853 3577 bella
866 3526 1023 3596 gematur:

193 3605 235 3667 Et
248 3608 380 3691 sequitur
394 3609 476 3689 regni
491 3631 557 3692 pars
574 3624 781 3694 quotacunque
797 3611 849 3672 sui.
