<?xml version="1.0" encoding="UTF-8"?>
<!DOCTYPE html PUBLIC "-//W3C//DTD XHTML 1.0 Transitional//EN"
    "http://www.w3.org/TR/xhtml1/DTD/xhtml1-transitional.dtd">
<html xmlns="http://www.w3.org/1999/xhtml" xml:lang="en" lang="en">
 <head>
  <title>
</title>
<meta http-equiv="Content-Type" content="text/html;charset=utf-8" />
  <meta name='ocr-system' content='tesseract 3.04.00' />
  <meta name='ocr-capabilities' content='ocr_page ocr_carea ocr_par ocr_line ocrx_word'/>
</head>
<body>
  <div class='ocr_page' id='page_1' title='image "./excerptaexscrip01ovidgoog_0031.png"; bbox 0 0 2586 4234; ppageno 0'>
   <div class='ocr_carea' id='block_1_1' title="bbox 570 433 1126 492">
    <p class='ocr_par' dir='ltr' id='par_1_1' title="bbox 570 433 1126 492">
     <span class='ocr_line' id='line_1_1' title="bbox 570 433 1126 492; baseline 0.011 -6"><span class='ocrx_word' id='word_1_1' title='bbox 570 435 678 486; x_wconf 72' lang='lat' dir='ltr'>uren</span> <span class='ocrx_word' id='word_1_2' title='bbox 695 435 718 486; x_wconf 90' lang='lat'>1.</span> <span class='ocrx_word' id='word_1_3' title='bbox 1090 433 1126 492; x_wconf 80' lang='grc' dir='ltr'><strong><em>Π</em></strong></span> 
     </span>
    </p>
   </div>
   <div class='ocr_carea' id='block_1_2' title="bbox 89 584 1127 3599">
    <p class='ocr_par' dir='ltr' id='par_1_2' title="bbox 148 584 1127 2526">
     <span class='ocr_line' id='line_1_2' title="bbox 152 584 1052 672; baseline 0.003 -23"><span class='ocrx_word' id='word_1_4' title='bbox 152 584 265 650; x_wconf 81' lang='lat' dir='ltr'>Hostes</span> <span class='ocrx_word' id='word_1_5' title='bbox 279 607 402 670; x_wconf 75' lang='lat' dir='ltr'>queque</span> <span class='ocrx_word' id='word_1_6' title='bbox 416 606 495 649; x_wconf 85' lang='lat' dir='ltr'>suos.</span> <span class='ocrx_word' id='word_1_7' title='bbox 539 586 635 649; x_wconf 83' lang='lat' dir='ltr'>Amor</span> <span class='ocrx_word' id='word_1_8' title='bbox 649 600 694 649; x_wconf 87' lang='lat' dir='ltr'>est</span> <span class='ocrx_word' id='word_1_9' title='bbox 708 587 780 650; x_wconf 91' lang='lat' dir='ltr'>mihi</span> <span class='ocrx_word' id='word_1_10' title='bbox 794 607 884 650; x_wconf 82' lang='lat' dir='ltr'>cause</span> <span class='ocrx_word' id='word_1_11' title='bbox 898 587 1052 672; x_wconf 85' lang='lat' dir='ltr'>sequendi.</span> 
     </span>
     <span class='ocr_line' id='line_1_3' title="bbox 150 682 912 767; baseline 0.003 -21"><span class='ocrx_word' id='word_1_12' title='bbox 150 682 208 746; x_wconf 84' lang='lat' dir='ltr'>Me</span> <span class='ocrx_word' id='word_1_13' title='bbox 222 684 379 746; x_wconf 84' lang='lat' dir='ltr'>misemm!</span> <span class='ocrx_word' id='word_1_14' title='bbox 401 705 439 746; x_wconf 90' lang='lat' dir='ltr'>ne</span> <span class='ocrx_word' id='word_1_15' title='bbox 454 705 547 766; x_wconf 92' lang='lat' dir='ltr'>prona</span> <span class='ocrx_word' id='word_1_16' title='bbox 561 684 660 760; x_wconf 84' lang='lat' dir='ltr'>cadas,</span> <span class='ocrx_word' id='word_1_17' title='bbox 676 683 831 767; x_wconf 82' lang='lat' dir='ltr'>indignave</span> <span class='ocrx_word' id='word_1_18' title='bbox 846 685 912 748; x_wconf 81' lang='lat' dir='ltr'>ledi</span> 
     </span>
     <span class='ocr_line' id='line_1_4' title="bbox 151 780 1126 856; baseline 0.006 -12"><span class='ocrx_word' id='word_1_19' title='bbox 151 780 250 844; x_wconf 83' lang='lat' dir='ltr'><strong>Crura</strong></span> <span class='ocrx_word' id='word_1_20' title='bbox 263 797 364 844; x_wconf 86' lang='lat' dir='ltr'>secent</span> <span class='ocrx_word' id='word_1_21' title='bbox 378 796 494 856; x_wconf 86' lang='lat' dir='ltr'>sentes;</span> <span class='ocrx_word' id='word_1_22' title='bbox 516 796 547 844; x_wconf 89' lang='lat' dir='ltr'>et</span> <span class='ocrx_word' id='word_1_23' title='bbox 561 783 615 844; x_wconf 91' lang='lat' dir='ltr'>sim</span> <span class='ocrx_word' id='word_1_24' title='bbox 631 782 681 844; x_wconf 91' lang='lat' dir='ltr'>tibi</span> <span class='ocrx_word' id='word_1_25' title='bbox 696 803 786 844; x_wconf 86' lang='lat' dir='ltr'>causa</span> <span class='ocrx_word' id='word_1_26' title='bbox 801 782 917 845; x_wconf 82' lang='lat' dir='ltr'>doloris.</span> <span class='ocrx_word' id='word_1_27' title='bbox 1061 785 1126 850; x_wconf 86' lang='grc'>460</span> 
     </span>
     <span class='ocr_line' id='line_1_5' title="bbox 151 875 1005 963; baseline 0.006 -23"><span class='ocrx_word' id='word_1_28' title='bbox 151 880 280 962; x_wconf 86' lang='lat' dir='ltr'>Aspera,</span> <span class='ocrx_word' id='word_1_29' title='bbox 296 880 356 963; x_wconf 64' lang='lat' dir='ltr'>que</span> <span class='ocrx_word' id='word_1_30' title='bbox 370 901 520 962; x_wconf 87' lang='lat' dir='ltr'>pmperas‚</span> <span class='ocrx_word' id='word_1_31' title='bbox 535 881 600 942; x_wconf 88' lang='lat' dir='ltr'>loca</span> <span class='ocrx_word' id='word_1_32' title='bbox 613 895 691 942; x_wconf 89' lang='lat' dir='ltr'>sunt.</span> <span class='ocrx_word' id='word_1_33' title='bbox 735 875 929 956; x_wconf 75' lang='lat' dir='ltr'>Moderatiis,</span> <span class='ocrx_word' id='word_1_34' title='bbox 943 901 1005 960; x_wconf 86' lang='lat' dir='ltr'>oro,</span> 
     </span>
     <span class='ocr_line' id='line_1_6' title="bbox 151 975 1000 1061; baseline 0.005 -23"><span class='ocrx_word' id='word_1_35' title='bbox 151 975 260 1051; x_wconf 90' lang='lat' dir='ltr'>Curre,</span> <span class='ocrx_word' id='word_1_36' title='bbox 275 976 431 1061; x_wconf 83' lang='lat' dir='ltr'>fugamque</span> <span class='ocrx_word' id='word_1_37' title='bbox 446 979 561 1040; x_wconf 89' lang='lat' dir='ltr'>inhibe:</span> <span class='ocrx_word' id='word_1_38' title='bbox 584 977 761 1039; x_wconf 81' lang='lat' dir='ltr'>moderatius</span> <span class='ocrx_word' id='word_1_39' title='bbox 776 977 912 1061; x_wconf 86' lang='lat' dir='ltr'>insequar</span> <span class='ocrx_word' id='word_1_40' title='bbox 926 979 1000 1060; x_wconf 85' lang='lat' dir='ltr'>ipse.</span> 
     </span>
     <span class='ocr_line' id='line_1_7' title="bbox 151 1073 963 1159; baseline 0.001 -22"><span class='ocrx_word' id='word_1_41' title='bbox 151 1074 212 1138; x_wconf 89' lang='lat' dir='ltr'>Cui</span> <span class='ocrx_word' id='word_1_42' title='bbox 229 1076 355 1158; x_wconf 83' lang='lat' dir='ltr'>placeas,</span> <span class='ocrx_word' id='word_1_43' title='bbox 370 1076 481 1159; x_wconf 82' lang='lat' dir='ltr'>inquire</span> <span class='ocrx_word' id='word_1_44' title='bbox 497 1091 607 1137; x_wconf 89' lang='lat' dir='ltr'>tamen.</span> <span class='ocrx_word' id='word_1_45' title='bbox 652 1073 721 1136; x_wconf 89' lang='lat' dir='ltr'>Non</span> <span class='ocrx_word' id='word_1_46' title='bbox 738 1075 832 1137; x_wconf 83' lang='lat' dir='ltr'>incola</span> <span class='ocrx_word' id='word_1_47' title='bbox 847 1075 963 1154; x_wconf 80' lang='lat' dir='ltr'>r&#39;nontis,</span> 
     </span>
     <span class='ocr_line' id='line_1_8' title="bbox 152 1169 962 1254; baseline 0.006 -22"><span class='ocrx_word' id='word_1_48' title='bbox 152 1169 222 1232; x_wconf 90' lang='lat' dir='ltr'>Non</span> <span class='ocrx_word' id='word_1_49' title='bbox 238 1194 294 1253; x_wconf 84' lang='lat' dir='ltr'>ego</span> <span class='ocrx_word' id='word_1_50' title='bbox 308 1194 372 1235; x_wconf 93' lang='lat' dir='ltr'>sum</span> <span class='ocrx_word' id='word_1_51' title='bbox 390 1189 502 1254; x_wconf 86' lang='lat' dir='ltr'>pastor:</span> <span class='ocrx_word' id='word_1_52' title='bbox 526 1194 583 1234; x_wconf 94' lang='lat' dir='ltr'>non</span> <span class='ocrx_word' id='word_1_53' title='bbox 600 1173 648 1234; x_wconf 87' lang='lat' dir='ltr'>hio</span> <span class='ocrx_word' id='word_1_54' title='bbox 663 1188 805 1248; x_wconf 87' lang='lat' dir='ltr'>armenta,</span> <span class='ocrx_word' id='word_1_55' title='bbox 820 1195 962 1254; x_wconf 79' lang='lat' dir='ltr'>gregesve</span> 
     </span>
     <span class='ocr_line' id='line_1_9' title="bbox 152 1267 1124 1344; baseline 0.008 -14"><span class='ocrx_word' id='word_1_56' title='bbox 152 1267 296 1330; x_wconf 86' lang='lat' dir='ltr'>Horridus</span> <span class='ocrx_word' id='word_1_57' title='bbox 311 1271 445 1332; x_wconf 85' lang='lat' dir='ltr'>observo.</span> <span class='ocrx_word' id='word_1_58' title='bbox 489 1268 606 1344; x_wconf 85' lang='lat' dir='ltr'>Nescis,</span> <span class='ocrx_word' id='word_1_59' title='bbox 622 1271 784 1344; x_wconf 86' lang='lat' dir='ltr'>temeraria,</span> <span class='ocrx_word' id='word_1_60' title='bbox 800 1271 895 1333; x_wconf 83' lang='lat' dir='ltr'>nescis</span> <span class='ocrx_word' id='word_1_61' title='bbox 1060 1273 1124 1338; x_wconf 82' lang='grc'>465</span> 
     </span>
     <span class='ocr_line' id='line_1_10' title="bbox 151 1364 1025 1450; baseline 0.007 -24"><span class='ocrx_word' id='word_1_62' title='bbox 151 1364 255 1438; x_wconf 83' lang='lat' dir='ltr'>Quem</span> <span class='ocrx_word' id='word_1_63' title='bbox 273 1366 379 1448; x_wconf 85' lang='lat' dir='ltr'>fugias:</span> <span class='ocrx_word' id='word_1_64' title='bbox 404 1367 528 1450; x_wconf 88' lang='lat' dir='ltr'>ideoque</span> <span class='ocrx_word' id='word_1_65' title='bbox 544 1367 627 1447; x_wconf 78' lang='lat' dir='ltr'>fugis.</span> <span class='ocrx_word' id='word_1_66' title='bbox 671 1366 748 1429; x_wconf 85' lang='lat' dir='ltr'><strong>Mihi</strong></span> <span class='ocrx_word' id='word_1_67' title='bbox 766 1367 914 1450; x_wconf 84' lang='lat' dir='ltr'>Delphica</span> <span class='ocrx_word' id='word_1_68' title='bbox 928 1367 1025 1446; x_wconf 81' lang='lat' dir='ltr'>tellus,</span> 
     </span>
     <span class='ocr_line' id='line_1_11' title="bbox 151 1463 951 1548; baseline 0.004 -23"><span class='ocrx_word' id='word_1_69' title='bbox 151 1463 193 1526; x_wconf 90' lang='lat' dir='ltr'>Et</span> <span class='ocrx_word' id='word_1_70' title='bbox 209 1463 324 1540; x_wconf 89' lang='lat' dir='ltr'>Claros,</span> <span class='ocrx_word' id='word_1_71' title='bbox 339 1480 369 1526; x_wconf 91' lang='lat' dir='ltr'>et</span> <span class='ocrx_word' id='word_1_72' title='bbox 384 1463 536 1538; x_wconf 88' lang='lat' dir='ltr'>Tenedos,</span> <span class='ocrx_word' id='word_1_73' title='bbox 552 1463 742 1548; x_wconf 72' lang='lat' dir='ltr'>Patareaque</span> <span class='ocrx_word' id='word_1_74' title='bbox 758 1465 836 1547; x_wconf 88' lang='lat' dir='ltr'>regia</span> <span class='ocrx_word' id='word_1_75' title='bbox 851 1466 951 1529; x_wconf 79' lang='lat' dir='ltr'>servit.</span> 
     </span>
     <span class='ocr_line' id='line_1_12' title="bbox 149 1559 1014 1648; baseline 0.006 -26"><span class='ocrx_word' id='word_1_76' title='bbox 149 1559 269 1643; x_wconf 87' lang='lat' dir='ltr'>Jupiter</span> <span class='ocrx_word' id='word_1_77' title='bbox 282 1577 325 1623; x_wconf 85' lang='lat' dir='ltr'>est</span> <span class='ocrx_word' id='word_1_78' title='bbox 340 1563 463 1642; x_wconf 86' lang='lat' dir='ltr'>genitor.</span> <span class='ocrx_word' id='word_1_79' title='bbox 508 1560 569 1623; x_wconf 87' lang='lat' dir='ltr'>Per</span> <span class='ocrx_word' id='word_1_80' title='bbox 582 1583 641 1637; x_wconf 89' lang='lat' dir='ltr'>me,</span> <span class='ocrx_word' id='word_1_81' title='bbox 657 1563 735 1646; x_wconf 90' lang='lat' dir='ltr'>quod</span> <span class='ocrx_word' id='word_1_82' title='bbox 752 1564 875 1647; x_wconf 88' lang='lat' dir='ltr'>eritque,</span> <span class='ocrx_word' id='word_1_83' title='bbox 891 1563 1014 1648; x_wconf 84' lang='lat' dir='ltr'>fuitque,</span> 
     </span>
     <span class='ocr_line' id='line_1_13' title="bbox 150 1657 988 1742; baseline 0.007 -23"><span class='ocrx_word' id='word_1_84' title='bbox 150 1657 277 1742; x_wconf 87' lang='lat' dir='ltr'>Estque,</span> <span class='ocrx_word' id='word_1_85' title='bbox 293 1674 390 1740; x_wconf 86' lang='lat' dir='ltr'>patet:</span> <span class='ocrx_word' id='word_1_86' title='bbox 416 1681 469 1741; x_wconf 90' lang='lat' dir='ltr'>per</span> <span class='ocrx_word' id='word_1_87' title='bbox 483 1681 531 1721; x_wconf 89' lang='lat' dir='ltr'>me</span> <span class='ocrx_word' id='word_1_88' title='bbox 546 1659 725 1721; x_wconf 88' lang='lat' dir='ltr'>concordant</span> <span class='ocrx_word' id='word_1_89' title='bbox 738 1661 866 1723; x_wconf 88' lang='lat' dir='ltr'>earmina</span> <span class='ocrx_word' id='word_1_90' title='bbox 881 1663 988 1724; x_wconf 81' lang='lat' dir='ltr'>nervis.</span> 
     </span>
     <span class='ocr_line' id='line_1_14' title="bbox 149 1754 1127 1841; baseline 0.002 -23"><span class='ocrx_word' id='word_1_91' title='bbox 149 1754 244 1818; x_wconf 87' lang='lat' dir='ltr'>Certa</span> <span class='ocrx_word' id='word_1_92' title='bbox 259 1757 376 1840; x_wconf 90' lang='lat' dir='ltr'>quidem</span> <span class='ocrx_word' id='word_1_93' title='bbox 393 1773 490 1819; x_wconf 90' lang='lat' dir='ltr'>nostra</span> <span class='ocrx_word' id='word_1_94' title='bbox 504 1771 565 1819; x_wconf 88' lang='lat' dir='ltr'>est:</span> <span class='ocrx_word' id='word_1_95' title='bbox 588 1757 687 1818; x_wconf 82' lang='lat' dir='ltr'>nostrlt</span> <span class='ocrx_word' id='word_1_96' title='bbox 702 1771 799 1818; x_wconf 84' lang='lat' dir='ltr'>tamen</span> <span class='ocrx_word' id='word_1_97' title='bbox 816 1779 874 1820; x_wconf 89' lang='lat' dir='ltr'>una</span> <span class='ocrx_word' id='word_1_98' title='bbox 887 1758 994 1841; x_wconf 63' lang='lat' dir='ltr'>sagitta</span> <span class='ocrx_word' id='word_1_99' title='bbox 1060 1761 1127 1822; x_wconf 84' lang='grc'>470</span> 
     </span>
     <span class='ocr_line' id='line_1_15' title="bbox 149 1852 888 1940; baseline 0 -24"><span class='ocrx_word' id='word_1_100' title='bbox 149 1852 278 1929; x_wconf 82' lang='lat' dir='ltr'>Certior,</span> <span class='ocrx_word' id='word_1_101' title='bbox 293 1855 321 1915; x_wconf 92' lang='lat' dir='ltr'>in</span> <span class='ocrx_word' id='word_1_102' title='bbox 338 1876 432 1916; x_wconf 88' lang='lat' dir='ltr'>vacuo</span> <span class='ocrx_word' id='word_1_103' title='bbox 446 1877 510 1938; x_wconf 80' lang='lat' dir='ltr'>que</span> <span class='ocrx_word' id='word_1_104' title='bbox 525 1855 645 1916; x_wconf 88' lang='lat' dir='ltr'>vulnera</span> <span class='ocrx_word' id='word_1_105' title='bbox 659 1870 778 1938; x_wconf 85' lang='lat' dir='ltr'>pectore</span> <span class='ocrx_word' id='word_1_106' title='bbox 795 1853 888 1940; x_wconf 84' lang='lat' dir='ltr'>fecit..</span> 
     </span>
     <span class='ocr_line' id='line_1_16' title="bbox 151 1951 1014 2036; baseline 0.006 -24"><span class='ocrx_word' id='word_1_107' title='bbox 151 1951 307 2014; x_wconf 83' lang='lat' dir='ltr'>inventum</span> <span class='ocrx_word' id='word_1_108' title='bbox 322 1953 467 2015; x_wconf 87' lang='lat' dir='ltr'>medicina</span> <span class='ocrx_word' id='word_1_109' title='bbox 482 1973 580 2014; x_wconf 89' lang='lat' dir='ltr'>meum</span> <span class='ocrx_word' id='word_1_110' title='bbox 596 1968 659 2027; x_wconf 90' lang='lat' dir='ltr'>est;</span> <span class='ocrx_word' id='word_1_111' title='bbox 680 1952 831 2035; x_wconf 85' lang='lat' dir='ltr'>opiferque</span> <span class='ocrx_word' id='word_1_112' title='bbox 848 1973 901 2036; x_wconf 91' lang='lat' dir='ltr'>per</span> <span class='ocrx_word' id='word_1_113' title='bbox 912 1953 1014 2018; x_wconf 84' lang='lat' dir='ltr'>orbem</span> 
     </span>
     <span class='ocr_line' id='line_1_17' title="bbox 153 2049 885 2134; baseline 0.001 -23"><span class='ocrx_word' id='word_1_114' title='bbox 153 2049 262 2125; x_wconf 87' lang='lat' dir='ltr'>Dicor;</span> <span class='ocrx_word' id='word_1_115' title='bbox 285 2065 315 2111; x_wconf 91' lang='lat' dir='ltr'>et</span> <span class='ocrx_word' id='word_1_116' title='bbox 329 2051 483 2112; x_wconf 86' lang='lat' dir='ltr'>herbarum</span> <span class='ocrx_word' id='word_1_117' title='bbox 497 2049 630 2134; x_wconf 87' lang='lat' dir='ltr'>subjecta</span> <span class='ocrx_word' id='word_1_118' title='bbox 645 2050 777 2132; x_wconf 86' lang='lat' dir='ltr'>potentia</span> <span class='ocrx_word' id='word_1_119' title='bbox 792 2049 885 2112; x_wconf 90' lang='lat' dir='ltr'>nobis.</span> 
     </span>
     <span class='ocr_line' id='line_1_18' title="bbox 150 2146 979 2230; baseline 0.001 -20"><span class='ocrx_word' id='word_1_120' title='bbox 150 2146 211 2210; x_wconf 91' lang='lat' dir='ltr'>Hei</span> <span class='ocrx_word' id='word_1_121' title='bbox 227 2148 307 2223; x_wconf 84' lang='lat' dir='ltr'>mihi,</span> <span class='ocrx_word' id='word_1_122' title='bbox 323 2148 402 2230; x_wconf 71' lang='lat' dir='ltr'>quiid</span> <span class='ocrx_word' id='word_1_123' title='bbox 416 2149 501 2210; x_wconf 86' lang='lat' dir='ltr'>nullis</span> <span class='ocrx_word' id='word_1_124' title='bbox 515 2169 597 2210; x_wconf 90' lang='lat' dir='ltr'>amor</span> <span class='ocrx_word' id='word_1_125' title='bbox 611 2161 656 2210; x_wconf 88' lang='lat' dir='ltr'>est</span> <span class='ocrx_word' id='word_1_126' title='bbox 671 2147 851 2210; x_wconf 85' lang='lat' dir='ltr'>medicabilis</span> <span class='ocrx_word' id='word_1_127' title='bbox 866 2146 979 2211; x_wconf 81' lang='lat' dir='ltr'>herbis:</span> 
     </span>
     <span class='ocr_line' id='line_1_19' title="bbox 148 2243 1123 2328; baseline 0.004 -22"><span class='ocrx_word' id='word_1_128' title='bbox 148 2243 218 2306; x_wconf 87' lang='lat' dir='ltr'>Nec</span> <span class='ocrx_word' id='word_1_129' title='bbox 234 2263 353 2327; x_wconf 86' lang='lat' dir='ltr'>prosunt</span> <span class='ocrx_word' id='word_1_130' title='bbox 366 2246 495 2322; x_wconf 90' lang='lat' dir='ltr'>domino,</span> <span class='ocrx_word' id='word_1_131' title='bbox 511 2267 575 2328; x_wconf 82' lang='lat' dir='ltr'>quae</span> <span class='ocrx_word' id='word_1_132' title='bbox 590 2259 711 2328; x_wconf 89' lang='lat' dir='ltr'>prosunt</span> <span class='ocrx_word' id='word_1_133' title='bbox 725 2244 871 2322; x_wconf 82' lang='lat' dir='ltr'>omnibus,</span> <span class='ocrx_word' id='word_1_134' title='bbox 886 2259 962 2308; x_wconf 84' lang='lat' dir='ltr'>artes</span> <span class='ocrx_word' id='word_1_135' title='bbox 972 2243 991 2309; x_wconf 85' lang='lat' dir='ltr'>l&#39;</span> <span class='ocrx_word' id='word_1_136' title='bbox 1059 2247 1123 2311; x_wconf 74' lang='grc'>475</span> 
     </span>
     <span class='ocr_line' id='line_1_20' title="bbox 148 2342 764 2406; baseline -0.002 -2"><span class='ocrx_word' id='word_1_137' title='bbox 148 2342 240 2405; x_wconf 89' lang='lat' dir='ltr'>Plura</span> <span class='ocrx_word' id='word_1_138' title='bbox 255 2344 418 2406; x_wconf 86' lang='lat' dir='ltr'>locuturum</span> <span class='ocrx_word' id='word_1_139' title='bbox 434 2344 535 2405; x_wconf 92' lang='lat' dir='ltr'>timido</span> <span class='ocrx_word' id='word_1_140' title='bbox 552 2343 665 2405; x_wconf 73' lang='lat' dir='ltr'>Peneia</span> <span class='ocrx_word' id='word_1_141' title='bbox 679 2365 764 2405; x_wconf 90' lang='lat' dir='ltr'>cursu</span> 
     </span>
     <span class='ocr_line' id='line_1_21' title="bbox 148 2439 916 2526; baseline 0.003 -24"><span class='ocrx_word' id='word_1_142' title='bbox 148 2439 259 2520; x_wconf 83' lang='lat' dir='ltr'>Fugit;</span> <span class='ocrx_word' id='word_1_143' title='bbox 280 2463 407 2524; x_wconf 87' lang='lat' dir='ltr'>cumque</span> <span class='ocrx_word' id='word_1_144' title='bbox 422 2442 486 2524; x_wconf 91' lang='lat' dir='ltr'>ipso</span> <span class='ocrx_word' id='word_1_145' title='bbox 501 2442 590 2503; x_wconf 88' lang='lat' dir='ltr'>verba</span> <span class='ocrx_word' id='word_1_146' title='bbox 605 2440 774 2524; x_wconf 90' lang='lat' dir='ltr'>imperfecta</span> <span class='ocrx_word' id='word_1_147' title='bbox 790 2441 916 2526; x_wconf 86' lang='lat' dir='ltr'>reliquit.</span> 
     </span>
    </p>

    <p class='ocr_par' dir='ltr' id='par_1_3' title="bbox 129 2537 1123 3110">
     <span class='ocr_line' id='line_1_22' title="bbox 191 2537 947 2621; baseline 0.004 -21"><span class='ocrx_word' id='word_1_148' title='bbox 191 2537 236 2600; x_wconf 91' lang='lat' dir='ltr'>Ut</span> <span class='ocrx_word' id='word_1_149' title='bbox 249 2539 330 2600; x_wconf 88' lang='lat' dir='ltr'>canis</span> <span class='ocrx_word' id='word_1_150' title='bbox 345 2540 373 2600; x_wconf 92' lang='lat' dir='ltr'>in</span> <span class='ocrx_word' id='word_1_151' title='bbox 389 2561 483 2602; x_wconf 89' lang='lat' dir='ltr'>vacuo</span> <span class='ocrx_word' id='word_1_152' title='bbox 498 2540 629 2621; x_wconf 91' lang='lat' dir='ltr'>leporem</span> <span class='ocrx_word' id='word_1_153' title='bbox 644 2541 713 2601; x_wconf 72' lang='lat' dir='ltr'>cum</span> <span class='ocrx_word' id='word_1_154' title='bbox 728 2539 861 2601; x_wconf 89' lang='lat' dir='ltr'>Gallicus</span> <span class='ocrx_word' id='word_1_155' title='bbox 876 2561 947 2603; x_wconf 81' lang='lat' dir='ltr'>arvo</span> 
     </span>
     <span class='ocr_line' id='line_1_23' title="bbox 151 2635 971 2721; baseline 0.002 -24"><span class='ocrx_word' id='word_1_156' title='bbox 151 2635 251 2712; x_wconf 90' lang='lat' dir='ltr'>Vidit;</span> <span class='ocrx_word' id='word_1_157' title='bbox 273 2651 304 2698; x_wconf 95' lang='lat' dir='ltr'>et</span> <span class='ocrx_word' id='word_1_158' title='bbox 318 2637 366 2698; x_wconf 91' lang='lat' dir='ltr'>hic</span> <span class='ocrx_word' id='word_1_159' title='bbox 382 2637 510 2720; x_wconf 87' lang='lat' dir='ltr'>praedam</span> <span class='ocrx_word' id='word_1_160' title='bbox 527 2637 650 2720; x_wconf 83' lang='lat' dir='ltr'>pedibus</span> <span class='ocrx_word' id='word_1_161' title='bbox 665 2637 749 2721; x_wconf 90' lang='lat' dir='ltr'>petit,</span> <span class='ocrx_word' id='word_1_162' title='bbox 765 2638 813 2699; x_wconf 92' lang='lat' dir='ltr'>ille</span> <span class='ocrx_word' id='word_1_163' title='bbox 828 2639 971 2699; x_wconf 88' lang='lat' dir='ltr'>salutern:</span> 
     </span>
     <span class='ocr_line' id='line_1_24' title="bbox 148 2733 1123 2819; baseline 0.001 -23"><span class='ocrx_word' id='word_1_164' title='bbox 148 2734 236 2796; x_wconf 86' lang='lat' dir='ltr'>Alter</span> <span class='ocrx_word' id='word_1_165' title='bbox 249 2735 392 2797; x_wconf 74' lang='lat' dir='ltr'>inhaesuro</span> <span class='ocrx_word' id='word_1_166' title='bbox 405 2735 515 2810; x_wconf 90' lang='lat' dir='ltr'>similis,</span> <span class='ocrx_word' id='word_1_167' title='bbox 527 2735 588 2819; x_wconf 90' lang='lat' dir='ltr'>jam</span> <span class='ocrx_word' id='word_1_168' title='bbox 600 2733 722 2819; x_wconf 88' lang='lat' dir='ltr'>jamque</span> <span class='ocrx_word' id='word_1_169' title='bbox 736 2749 838 2796; x_wconf 89' lang='lat' dir='ltr'>tenere</span> <span class='ocrx_word' id='word_1_170' title='bbox 1057 2735 1123 2800; x_wconf 69' lang='grc'>48)</span> 
     </span>
     <span class='ocr_line' id='line_1_25' title="bbox 146 2831 832 2914; baseline 0.003 -22"><span class='ocrx_word' id='word_1_171' title='bbox 146 2831 265 2914; x_wconf 85' lang='lat' dir='ltr'>Sperat,</span> <span class='ocrx_word' id='word_1_172' title='bbox 279 2847 310 2894; x_wconf 87' lang='lat' dir='ltr'>et</span> <span class='ocrx_word' id='word_1_173' title='bbox 324 2847 447 2895; x_wconf 86' lang='lat' dir='ltr'>extento</span> <span class='ocrx_word' id='word_1_174' title='bbox 460 2833 573 2914; x_wconf 84' lang='lat' dir='ltr'>stringit</span> <span class='ocrx_word' id='word_1_175' title='bbox 590 2833 711 2914; x_wconf 85' lang='lat' dir='ltr'>vestigia</span> <span class='ocrx_word' id='word_1_176' title='bbox 724 2849 832 2894; x_wconf 92' lang='lat' dir='ltr'>rostro:</span> 
     </span>
     <span class='ocr_line' id='line_1_26' title="bbox 147 2907 929 3024; baseline 0 -33"><span class='ocrx_word' id='word_1_177' title='bbox 147 2930 235 2991; x_wconf 86' lang='lat' dir='ltr'>Alter</span> <span class='ocrx_word' id='word_1_178' title='bbox 248 2929 277 2990; x_wconf 87' lang='lat' dir='ltr'>in</span> <span class='ocrx_word' id='word_1_179' title='bbox 292 2930 429 3010; x_wconf 86' lang='lat' dir='ltr'>ambiguo</span> <span class='ocrx_word' id='word_1_180' title='bbox 443 2946 499 3005; x_wconf 89' lang='lat' dir='ltr'>est,</span> <span class='ocrx_word' id='word_1_181' title='bbox 514 2951 550 2990; x_wconf 91' lang='lat' dir='ltr'>an</span> <span class='ocrx_word' id='word_1_182' title='bbox 565 2931 602 2991; x_wconf 90' lang='lat' dir='ltr'>sit</span> <span class='ocrx_word' id='word_1_183' title='bbox 617 2929 788 3016; x_wconf 79' lang='lat' dir='ltr'>deprensus,</span> <span class='ocrx_word' id='word_1_184' title='bbox 804 2944 835 2991; x_wconf 90' lang='lat' dir='ltr'>et</span> <span class='ocrx_word' id='word_1_185' title='bbox 849 2907 929 3024; x_wconf 79' lang='lat' dir='ltr'>ipsis)</span> 
     </span>
     <span class='ocr_line' id='line_1_27' title="bbox 129 3025 968 3110; baseline 0.005 -22"><span class='ocrx_word' id='word_1_186' title='bbox 129 3025 296 3088; x_wconf 84' lang='lat' dir='ltr'>¹lllorsibus</span> <span class='ocrx_word' id='word_1_187' title='bbox 312 3027 442 3108; x_wconf 84' lang='lat' dir='ltr'>eripitur,</span> <span class='ocrx_word' id='word_1_188' title='bbox 456 3027 663 3110; x_wconf 85' lang='lat' dir='ltr'>tangentiaque</span> <span class='ocrx_word' id='word_1_189' title='bbox 677 3049 727 3088; x_wconf 88' lang='lat' dir='ltr'>ora</span> <span class='ocrx_word' id='word_1_190' title='bbox 743 3027 895 3110; x_wconf 71' lang='lat' dir='ltr'>relinquit:</span> <span class='ocrx_word' id='word_1_191' title='bbox 965 3085 968 3092; x_wconf 90' lang='lat'><em>.</em></span> 
     </span>
    </p>

    <p class='ocr_par' dir='ltr' id='par_1_4' title="bbox 129 3085 950 3206">
     <span class='ocr_line' id='line_1_28' title="bbox 129 3085 950 3206; baseline 0.002 -20"><span class='ocrx_word' id='word_1_192' title='bbox 129 3085 195 3186; x_wconf 50' lang='lat' dir='ltr'>kSie</span> <span class='ocrx_word' id='word_1_193' title='bbox 210 3125 295 3199; x_wconf 88' lang='lat' dir='ltr'>deus,</span> <span class='ocrx_word' id='word_1_194' title='bbox 310 3138 339 3185; x_wconf 92' lang='lat' dir='ltr'>et</span> <span class='ocrx_word' id='word_1_195' title='bbox 356 3125 436 3205; x_wconf 83' lang='lat' dir='ltr'>virgo</span> <span class='ocrx_word' id='word_1_196' title='bbox 450 3140 514 3186; x_wconf 88' lang='lat' dir='ltr'>est:</span> <span class='ocrx_word' id='word_1_197' title='bbox 538 3125 585 3186; x_wconf 87' lang='lat' dir='ltr'>hic</span> <span class='ocrx_word' id='word_1_198' title='bbox 601 3147 654 3206; x_wconf 88' lang='lat' dir='ltr'>spe</span> <span class='ocrx_word' id='word_1_199' title='bbox 669 3125 758 3197; x_wconf 88' lang='lat' dir='ltr'>celer,</span> <span class='ocrx_word' id='word_1_200' title='bbox 775 3126 820 3186; x_wconf 89' lang='lat' dir='ltr'>illa</span> <span class='ocrx_word' id='word_1_201' title='bbox 836 3127 950 3189; x_wconf 90' lang='lat' dir='ltr'>timore.</span> 
     </span>
    </p>

    <p class='ocr_par' dir='ltr' id='par_1_5' title="bbox 89 3221 1121 3403">
     <span class='ocr_line' id='line_1_29' title="bbox 144 3221 1121 3306; baseline 0.006 -24"><span class='ocrx_word' id='word_1_202' title='bbox 144 3221 208 3294; x_wconf 81' lang='lat' dir='ltr'>Qui</span> <span class='ocrx_word' id='word_1_203' title='bbox 226 3237 324 3284; x_wconf 89' lang='lat' dir='ltr'>tamen</span> <span class='ocrx_word' id='word_1_204' title='bbox 343 3223 513 3305; x_wconf 88' lang='lat' dir='ltr'>insequitur,</span> <span class='ocrx_word' id='word_1_205' title='bbox 529 3224 632 3306; x_wconf 84' lang='lat' dir='ltr'>pennis</span> <span class='ocrx_word' id='word_1_206' title='bbox 648 3223 764 3306; x_wconf 75' lang='lat' dir='ltr'>adjutus</span> <span class='ocrx_word' id='word_1_207' title='bbox 781 3224 899 3285; x_wconf 79' lang='lat' dir='ltr'>Amoris</span> <span class='ocrx_word' id='word_1_208' title='bbox 1057 3224 1121 3288; x_wconf 83' lang='grc'>485</span> 
     </span>
     <span class='ocr_line' id='line_1_30' title="bbox 89 3319 997 3403; baseline 0.003 -21"><span class='ocrx_word' id='word_1_209' title='bbox 89 3331 92 3338; x_wconf 91' lang='grc'><strong>’</strong></span> <span class='ocrx_word' id='word_1_210' title='bbox 143 3319 239 3382; x_wconf 89' lang='lat' dir='ltr'>Ocior</span> <span class='ocrx_word' id='word_1_211' title='bbox 252 3335 307 3395; x_wconf 88' lang='lat' dir='ltr'>est,</span> <span class='ocrx_word' id='word_1_212' title='bbox 322 3321 512 3403; x_wconf 82' lang='lat' dir='ltr'>requiemque</span> <span class='ocrx_word' id='word_1_213' title='bbox 529 3337 632 3401; x_wconf 80' lang='lat' dir='ltr'>negat:</span> <span class='ocrx_word' id='word_1_214' title='bbox 656 3337 795 3402; x_wconf 74' lang='lat' dir='ltr'>tergoque</span> <span class='ocrx_word' id='word_1_215' title='bbox 813 3319 909 3398; x_wconf 73' lang='lat' dir='ltr'>fugaci</span> <span class='ocrx_word' id='word_1_216' title='bbox 994 3359 997 3364; x_wconf 95' lang='lat'>·</span> 
     </span>
    </p>

    <p class='ocr_par' dir='ltr' id='par_1_6' title="bbox 143 3417 909 3500">
     <span class='ocr_line' id='line_1_31' title="bbox 143 3417 909 3500; baseline 0 -20"><span class='ocrx_word' id='word_1_217' title='bbox 143 3417 303 3492; x_wconf 77' lang='lat' dir='ltr'>immine13</span> <span class='ocrx_word' id='word_1_218' title='bbox 326 3433 355 3479; x_wconf 90' lang='lat' dir='ltr'>et</span> <span class='ocrx_word' id='word_1_219' title='bbox 370 3419 481 3479; x_wconf 85' lang='lat' dir='ltr'>crinem</span> <span class='ocrx_word' id='word_1_220' title='bbox 496 3439 627 3500; x_wconf 88' lang='lat' dir='ltr'>sparsum</span> <span class='ocrx_word' id='word_1_221' title='bbox 643 3418 805 3479; x_wconf 86' lang='lat' dir='ltr'>cervicibus</span> <span class='ocrx_word' id='word_1_222' title='bbox 819 3417 909 3480; x_wconf 83' lang='lat' dir='ltr'>afflat.</span> 
     </span>
    </p>

    <p class='ocr_par' dir='ltr' id='par_1_7' title="bbox 188 3516 847 3599">
     <span class='ocr_line' id='line_1_32' title="bbox 188 3516 847 3599; baseline 0.003 -23"><span class='ocrx_word' id='word_1_223' title='bbox 188 3516 309 3578; x_wconf 91' lang='lat' dir='ltr'>Viribus</span> <span class='ocrx_word' id='word_1_224' title='bbox 324 3516 463 3578; x_wconf 77' lang='lat' dir='ltr'>absumtis</span> <span class='ocrx_word' id='word_1_225' title='bbox 477 3516 620 3599; x_wconf 83' lang='lat' dir='ltr'>expalluit</span> <span class='ocrx_word' id='word_1_226' title='bbox 636 3517 700 3578; x_wconf 91' lang='lat' dir='ltr'>illa:</span> <span class='ocrx_word' id='word_1_227' title='bbox 723 3517 847 3598; x_wconf 85' lang='lat' dir='ltr'>oitaeque</span> 
     </span>
    </p>
   </div>
   <div class='ocr_carea' id='block_1_3' title="bbox 145 3611 885 3774">
    <p class='ocr_par' dir='ltr' id='par_1_8' title="bbox 145 3611 885 3774">
     <span class='ocr_line' id='line_1_33' title="bbox 145 3611 885 3696; baseline -0.004 -21"><span class='ocrx_word' id='word_1_228' title='bbox 145 3615 231 3675; x_wconf 71' lang='lat' dir='ltr'>Virta</span> <span class='ocrx_word' id='word_1_229' title='bbox 250 3615 348 3676; x_wconf 84' lang='lat' dir='ltr'>labore</span> <span class='ocrx_word' id='word_1_230' title='bbox 365 3613 451 3695; x_wconf 83' lang='lat' dir='ltr'>fugae,</span> <span class='ocrx_word' id='word_1_231' title='bbox 465 3629 602 3696; x_wconf 86' lang='lat' dir='ltr'>spectans</span> <span class='ocrx_word' id='word_1_232' title='bbox 616 3612 766 3676; x_wconf 83' lang='lat' dir='ltr'>Peneidas</span> <span class='ocrx_word' id='word_1_233' title='bbox 780 3611 885 3686; x_wconf 88' lang='lat' dir='ltr'>undas,</span> 
     </span>
     <span class='ocr_line' id='line_1_34' title="bbox 444 3712 492 3774; baseline 0 -23"><span class='ocrx_word' id='word_1_234' title='bbox 444 3712 492 3774; x_wconf 56' lang='grc' dir='ltr'>ρ*</span> 
     </span>
    </p>
   </div>
   <div class='ocr_carea' id='block_1_4' title="bbox 0 0 1298 4234">
    <p class='ocr_par' dir='ltr' id='par_1_9' title="bbox 0 0 1298 4234">
     <span class='ocr_line' id='line_1_35' title="bbox 0 0 1298 4234; baseline 0 2"><span class='ocrx_word' id='word_1_235' title='bbox 0 0 1298 4234; x_wconf 95' lang='lat' dir='ltr'> </span> 
     </span>
    </p>
   </div>
  </div>
 </body>
</html>
