2568 4248
410 703 546 805 Nux,
581 704 802 790 eunom.

63 1022 84 1079 s
114 1049 149 1114 N
153 1072 197 1114 nx
211 1071 269 1133 ego
278 1050 383 1136 juncta
396 1052 461 1130 riae,
475 1051 545 1115 clun
559 1051 615 1114 sim
628 1053 692 1116 sine
705 1053 827 1117 erimine
841 1055 919 1134 vite,

161 1149 193 1210 A
207 1149 319 1232 populo
332 1149 412 1212 saxis
426 1162 619 1233 praetereunte
635 1163 730 1234 petor.

117 1243 256 1308 Obruere
270 1247 326 1308 ista
339 1247 414 1309 solet
428 1245 597 1309 manifestos
613 1267 702 1329 poeua
717 1260 868 1327 nocentes,

162 1342 285 1405 Publica
300 1343 368 1404 niun
383 1343 492 1406 lentam
508 1365 567 1405 non
581 1343 661 1425 capit
676 1343 717 1406 ira
730 1365 853 1408 motam.

118 1437 171 1502 Nil
187 1461 243 1521 ego
258 1439 398 1522 peccavi:
421 1440 475 1502 nisi
490 1439 513 1502 si
529 1441 671 1522 peccasse
687 1456 819 1520 vocetur,

163 1537 272 1599 Armua
285 1536 388 1600 cultori
403 1558 491 1621 poma
505 1537 613 1600 referre
627 1559 692 1601 suo.

117 1635 163 1697 At
177 1633 257 1716 priris
272 1635 432 1711 arboribus,
446 1649 509 1697 tum
523 1635 591 1697 olrm
607 1635 728 1699 meliora
742 1636 825 1700 fuere

160 1729 323 1813 Tempora,
338 1745 488 1794 certamen
502 1730 654 1794 fertilitatis
669 1747 742 1796 erat.

117 1823 200 1889 Cirm
215 1828 324 1890 domini
339 1849 485 1890 memores
499 1828 582 1890 sertis
596 1850 699 1892 ornare
713 1828 847 1894 solebant

162 1924 325 2006 Agricolas,
340 1923 434 1988 fiuotu
450 1925 652 2008 proveniente,
667 1925 749 1988 deos.

117 2020 205 2104 Saepe
220 2036 285 2084 tuas
300 2022 396 2104 igitur,
411 2022 513 2099 Liber,
528 2023 648 2086 miratus
663 2044 695 2086 es
710 2043 801 2086 uvas:
857 2095 866 2108 ο

159 2117 269 2182 Mirata
283 2135 328 2182 est
342 2121 422 2183 oleas
437 2141 515 2205 sepe
530 2119 668 2182 Minerva
682 2117 760 2182 snas.

116 2215 271 2300 Pomaque
286 2217 425 2280 laesissent
440 2231 582 2293 matrem3
605 2217 634 2279 ni
649 2216 766 2280 subdita
780 2237 862 2280 ramo

158 2313 265 2395 longa
279 2315 419 2377 laboranti
434 2313 516 2376 furca
529 2315 643 2377 tulisset
658 2335 758 2398 opem.

116 2408 160 2471 At
175 2425 329 2494 postquam
345 2411 479 2494 platanis,
494 2412 622 2474 sterilem
638 2411 833 2494 prebentibus
846 2409 991 2492 umbram,
1051 2413 1091 2475 tt

157 2506 286 2570 Uberior
300 2508 403 2591 quivis
419 2507 521 2570 arbore
536 2508 617 2569 venit
631 2508 724 2578 bonos
735 2528 752 2594 ;,

115 2601 181 2666 Nos
196 2624 314 2687 quoque
329 2602 470 2686 frugiferae
488 2605 527 2689 (si
542 2625 604 2666 nux
618 2605 708 2667 modb
723 2625 818 2689 ponor
830 2603 860 2668 in
874 2601 945 2690 illis)

157 2699 317 2783 Coepimus
332 2701 362 2763 in
378 2701 492 2784 patulas
506 2701 652 2764 luxuriare
667 2722 779 2764 comas.

114 2793 145 2859 N
147 2817 206 2859 unc
221 2817 318 2881 neque
332 2797 485 2860 continuos
499 2810 659 2860 nascuntur
679 2817 769 2880 poma
783 2817 838 2880 per
851 2815 960 2859 annot:

157 2895 287 2979 Unaque
301 2897 370 2959 lasa
384 2897 516 2974 domum,
530 2897 656 2981 laesaque
670 2896 763 2958 banea
779 2894 868 2958 venit.
1046 2895 1091 2962 0)

115 2995 210 3059 Certe
225 3017 292 3078 ego,
306 2998 331 3059 si
345 3019 495 3081 nunquam
511 2998 701 3081 peperissem,
716 2995 805 3059 tutior
817 3015 926 3060 asem.

156 3093 218 3156 Ista
233 3093 461 3177 clytemnestra
476 3093 563 3176 digna
579 3093 700 3178 querela
714 3092 778 3157 fuit.
893 3097 900 3110 ‘

114 3189 148 3255 Si
162 3191 237 3254 sciat
251 3191 308 3254 hoc
323 3191 399 3267 vitis,
414 3204 569 3254 nascentes
582 3191 746 3274 supprimet
759 3211 849 3255 uvas:

157 3287 310 3372 Orbaque,
325 3288 349 3351 si
364 3289 437 3354 sciat
451 3289 519 3364 hoc,
534 3289 664 3352 Palladis
679 3290 764 3352 arbor
778 3289 843 3352 erit.

114 3384 184 3451 Hoc
199 3386 227 3448 in
243 3387 376 3449 notitiam
391 3386 489 3448 veniat
504 3387 639 3469 maloque
655 3387 810 3469 piroque;,'

157 3483 331 3546 Destituent
344 3484 433 3545 silvas
447 3496 570 3565 utraque
586 3501 675 3566 poma
689 3504 768 3546 suas.

113 3579 254 3664 Quaque
268 3581 324 3643 sibi
340 3580 421 3643 vatio
434 3579 584 3662 distinguit
597 3601 687 3663 poma
700 3580 810 3655 colore,

154 3677 270 3741 Audiat
284 3678 342 3741 hoo
355 3698 492 3754 cerasus3
514 3678 605 3762 stipes
618 3677 710 3741 inanis
725 3677 790 3739 erit.
