2568 4248
154 389 216 450 142
464 391 815 442 METAMORPHOSEON

152 541 194 608 Et
207 561 304 607 renum
318 561 433 620 causas,
447 555 478 604 et
493 541 564 627 quid
577 554 693 619 natura,
707 539 833 604 docebat
844 563 852 603 :

151 640 235 717 Quid
250 641 345 718 deus;
366 640 446 704 unde
460 640 566 717 nives3
588 661 652 724 que
667 638 797 702 fulminis
811 651 890 702 esset
903 637 1014 722 crigo;
1099 642 1140 704 lt)

149 739 278 823 Jupiter,
293 760 330 802 nn
347 739 440 816 venti,
455 737 589 801 discussi
603 737 682 826 nube
698 750 856 814 tonarent3

151 835 237 912 Quid
251 850 386 923 quateret
400 851 492 899 terras
505 858 514 913 ;
537 836 596 920 qna
609 835 706 898 sidera
719 835 787 918 lege
801 847 937 898 mearent
947 856 961 912 ;,

151 933 194 998 Et
208 933 406 1020 quodcunque
422 934 504 997 latet.¹
548 932 726 1018 Primusque
741 932 877 996 animalia
891 932 1003 996 mensis

152 1031 261 1116 Arguit
274 1031 403 1116 imponi:
428 1031 538 1115 primus
554 1051 672 1115 quoque
686 1029 793 1092 talibus
807 1051 859 1094 ora

152 1127 253 1193 Docta
268 1129 388 1214 quidem
402 1129 499 1206 solvit,
514 1128 568 1191 sed
583 1149 643 1190 nnn
658 1142 689 1190 et
703 1128 827 1205 credita,
843 1125 957 1190 verbis:
1097 1128 1139 1190 15

153 1224 302 1304 ‘Parcite‚
316 1227 463 1303 mortales,
479 1226 602 1310 dapibus
617 1239 762 1288 temerare
776 1223 909 1288 nefandis

152 1321 298 1407 Corpora.
344 1323 420 1387 Sunt
435 1323 543 1406 fruges,
558 1337 626 1386 suut
639 1323 817 1386 deducentia
830 1343 926 1387 ramos

152 1418 291 1482 Pondere
306 1442 395 1504 poma
408 1442 474 1497 suc,
489 1420 667 1504 tumideque
681 1420 712 1483 in
726 1421 833 1484 vitibus
847 1443 930 1484 uvae:

152 1515 228 1580 Sunt
244 1517 340 1580 berbae
356 1517 474 1580 dulces:
498 1533 578 1595 sunt,
593 1539 662 1601 quae
677 1517 833 1582 mitescere
848 1517 981 1595 flammis,

151 1612 321 1699 Mollirique
337 1629 456 1700 queant.
502 1615 570 1680 Nec
587 1617 668 1679 vobis
682 1617 794 1680 lacteus
811 1617 918 1679 humor
930 1676 940 1712 l
1092 1617 1136 1681 20

152 1711 294 1797 Eripitur,
308 1734 366 1777 nee
380 1713 471 1776 mella
485 1714 582 1798 thymi
596 1714 760 1776 redolentia
774 1714 890 1777 florem.
901 1712 930 1810 ς’

151 1809 281 1895 Prodiga
296 1811 421 1890 divitias,
436 1812 634 1897 alimentaque
649 1813 730 1876 mitia
743 1812 831 1875 tellus

152 1908 307 1992 Suggerit:
331 1923 419 1994 atque
434 1909 538 1993 epulas
552 1909 615 1972 sine
629 1909 712 1973 caede
726 1923 758 1972 et
771 1909 914 1994 sanguine
928 1909 1054 1994 prebet.

152 2006 252 2072 Carne
268 2005 335 2072 ferae
350 2007 455 2070 sedant
464 2006 595 2094 jejunia:
617 2028 674 2072 nec
689 2021 790 2072 tamen
804 2029 919 2072 omnes.

152 2102 278 2188 Quippe
293 2127 399 2190 equus,
414 2120 445 2168 et
459 2107 601 2190 pecudes,
610 2119 801 2190 anuentaque
812 2105 943 2189 gramine
956 2105 1074 2170 vivunt.
1091 2108 1135 2170 25

151 2200 196 2265 At
210 2203 315 2288 quibus
329 2203 480 2287 ingenium
493 2218 539 2267 est
553 2203 851 2288 immansuetumque,
866 2203 1032 2289 serumque,

150 2295 360 2384 Anneniaeque
375 2302 474 2384 tigres,
489 2301 679 2386 iracundique
694 2302 805 2378 leones,

151 2395 292 2481 Cumque
308 2396 383 2481 lupis
399 2399 467 2476 ursi,
483 2398 606 2482 dapibus
620 2421 690 2462 cum
704 2398 845 2482 sanguine
860 2398 1001 2480 gaudent.

151 2492 221 2556 Heu
237 2507 380 2577 quantum
393 2495 490 2561 scelus
504 2509 560 2572 est,
575 2497 605 2558 in
621 2497 733 2559 viscera
748 2497 861 2559 viscera
875 2495 975 2573 condi,

150 2590 364 2676 Congestoque
379 2591 498 2654 avidum
514 2593 707 2676 pinguescere
722 2615 846 2678 corpore
860 2615 968 2677 corpus
981 2615 990 2672 3
1089 2593 1136 2657 30

152 2689 341 2775 Alteriusque
356 2689 535 2754 animantem
550 2692 703 2766 animantis
720 2692 817 2755 vivere
833 2692 913 2756 leto!

150 2787 271 2852 Scilicet
285 2788 316 2852 in
331 2789 418 2856 tantis
432 2789 549 2874 opibus,
565 2811 637 2874 quas
652 2791 763 2874 optima
778 2804 904 2854 matrum

149 2887 245 2949 Terra
260 2869 346 2970 parit,
361 2889 402 2950 nil
418 2902 447 2950 te
463 2889 518 2952 nisi
533 2889 624 2950 tristia
638 2888 778 2952 mandere
793 2908 871 2950 saevo

151 2982 284 3045 Vulnera
299 2984 388 3046 dente
399 2984 495 3067 juvat,
510 2986 640 3069 ritusque
656 2984 764 3048 referre
779 2984 950 3069 Cyclopum
960 2985 981 3048 l-

149 3077 227 3154 Nec,
242 3079 296 3141 nisi
311 3081 471 3162 perdideris
487 3082 587 3158 alium,
602 3083 720 3164 placare
737 3083 860 3160 veracia,
1088 3084 1135 3146 35

149 3175 191 3239 Et
205 3175 283 3238 male
298 3178 402 3240 morati
418 3179 528 3261 poteris
539 3178 653 3264 jejunia
669 3181 799 3243 ventris?

192 3275 235 3336 At
253 3288 335 3336 vetus
350 3275 399 3338 illa
415 3289 494 3353 etas,
508 3276 557 3338 cui
573 3275 695 3340 secunus
710 3278 814 3341 Aurea
828 3299 949 3356 nomen,

149 3371 177 3436 F
178 3373 286 3436 cetibus
301 3371 439 3452 arborem,
456 3388 496 3450 et,
513 3396 585 3457 quas
600 3375 708 3438 humus
725 3375 843 3453 educat,
858 3375 955 3438 herbis

149 3469 311 3533 Fortunata
327 3463 397 3534 suil:
421 3493 478 3534 nec
492 3473 598 3554 polluit
611 3494 663 3536 cra
676 3495 791 3536 cruore.
858 3545 868 3564 ,

147 3563 237 3628 Tunc
252 3581 282 3630 et
297 3588 368 3630 aves
383 3581 451 3632 tnta
467 3569 589 3685 mqure
604 3589 658 3652 per
672 3573 741 3632 adra
755 3591 888 3653 pennas;
1088 3574 1135 3638 40
