<?xml version="1.0" encoding="UTF-8"?>
<!DOCTYPE html PUBLIC "-//W3C//DTD XHTML 1.0 Transitional//EN"
    "http://www.w3.org/TR/xhtml1/DTD/xhtml1-transitional.dtd">
<html xmlns="http://www.w3.org/1999/xhtml" xml:lang="en" lang="en">
 <head>
  <title>
</title>
<meta http-equiv="Content-Type" content="text/html;charset=utf-8" />
  <meta name='ocr-system' content='tesseract 3.04.00' />
  <meta name='ocr-capabilities' content='ocr_page ocr_carea ocr_par ocr_line ocrx_word'/>
</head>
<body>
  <div class='ocr_page' id='page_1' title='image "./excerptaexscrip01ovidgoog_0044.png"; bbox 0 0 2572 4242; ppageno 0'>
   <div class='ocr_carea' id='block_1_1' title="bbox 188 409 847 470">
    <p class='ocr_par' dir='ltr' id='par_1_1' title="bbox 188 409 847 470">
     <span class='ocr_line' id='line_1_1' title="bbox 188 409 847 470; baseline 0.006 -10"><span class='ocrx_word' id='word_1_1' title='bbox 188 409 231 470; x_wconf 86' lang='lat'>30</span> <span class='ocrx_word' id='word_1_2' title='bbox 499 413 847 465; x_wconf 77' lang='lat' dir='ltr'>murnuonrflosaotr</span> 
     </span>
    </p>
   </div>
   <div class='ocr_carea' id='block_1_2' title="bbox 163 562 1172 3665">
    <p class='ocr_par' dir='ltr' id='par_1_2' title="bbox 189 562 1172 646">
     <span class='ocr_line' id='line_1_2' title="bbox 189 562 1172 646; baseline 0.008 -22"><span class='ocrx_word' id='word_1_3' title='bbox 189 563 341 646; x_wconf 83' lang='lat' dir='ltr'>Quodque</span> <span class='ocrx_word' id='word_1_4' title='bbox 356 584 410 626; x_wconf 84' lang='lat' dir='ltr'>suo</span> <span class='ocrx_word' id='word_1_5' title='bbox 424 562 526 645; x_wconf 81' lang='lat' dir='ltr'><strong>Tagus</strong></span> <span class='ocrx_word' id='word_1_6' title='bbox 542 583 628 626; x_wconf 82' lang='lat' dir='ltr'>amne</span> <span class='ocrx_word' id='word_1_7' title='bbox 643 563 736 640; x_wconf 89' lang='lat' dir='ltr'>vehit,</span> <span class='ocrx_word' id='word_1_8' title='bbox 751 563 816 626; x_wconf 87' lang='lat' dir='ltr'>fluit</span> <span class='ocrx_word' id='word_1_9' title='bbox 830 565 956 646; x_wconf 87' lang='lat' dir='ltr'>ignibus,</span> <span class='ocrx_word' id='word_1_10' title='bbox 971 589 1086 630; x_wconf 87' lang='lat' dir='ltr'>aurum.</span> <span class='ocrx_word' id='word_1_11' title='bbox 1102 571 1172 632; x_wconf 70' lang='lat'>250</span> 
     </span>
    </p>

    <p class='ocr_par' dir='ltr' id='par_1_3' title="bbox 189 659 919 745">
     <span class='ocr_line' id='line_1_3' title="bbox 189 659 919 745; baseline 0.001 -22"><span class='ocrx_word' id='word_1_12' title='bbox 189 660 240 735; x_wconf 89' lang='lat' dir='ltr'>Et,</span> <span class='ocrx_word' id='word_1_13' title='bbox 256 682 319 744; x_wconf 86' lang='lat' dir='ltr'>quae</span> <span class='ocrx_word' id='word_1_14' title='bbox 335 659 476 722; x_wconf 81' lang='lat' dir='ltr'>Maeonius</span> <span class='ocrx_word' id='word_1_15' title='bbox 490 661 673 723; x_wconf 70' lang='lat' dir='ltr'>celebrarant</span> <span class='ocrx_word' id='word_1_16' title='bbox 688 661 816 723; x_wconf 84' lang='lat' dir='ltr'><strong>carmine</strong></span> <span class='ocrx_word' id='word_1_17' title='bbox 831 663 919 745; x_wconf 75' lang='lat' dir='ltr'>ripaS,</span> 
     </span>
    </p>

    <p class='ocr_par' dir='ltr' id='par_1_4' title="bbox 188 757 905 841">
     <span class='ocr_line' id='line_1_4' title="bbox 188 757 905 841; baseline 0.003 -21"><span class='ocrx_word' id='word_1_18' title='bbox 188 757 352 820; x_wconf 70' lang='lat' dir='ltr'>Flumineus</span> <span class='ocrx_word' id='word_1_19' title='bbox 369 759 501 820; x_wconf 87' lang='lat' dir='ltr'>volucres</span> <span class='ocrx_word' id='word_1_20' title='bbox 517 759 615 820; x_wconf 93' lang='lat' dir='ltr'>medio</span> <span class='ocrx_word' id='word_1_21' title='bbox 629 759 746 820; x_wconf 72' lang='lat' dir='ltr'>caluire</span> <span class='ocrx_word' id='word_1_22' title='bbox 765 759 905 841; x_wconf 80' lang='lat' dir='ltr'>Caystro.</span> 
     </span>
    </p>

    <p class='ocr_par' dir='ltr' id='par_1_5' title="bbox 188 854 896 938">
     <span class='ocr_line' id='line_1_5' title="bbox 188 854 896 938; baseline 0 -20"><span class='ocrx_word' id='word_1_23' title='bbox 188 854 274 918; x_wconf 88' lang='lat' dir='ltr'>Nilus</span> <span class='ocrx_word' id='word_1_24' title='bbox 290 856 318 916; x_wconf 91' lang='lat' dir='ltr'>in</span> <span class='ocrx_word' id='word_1_25' title='bbox 334 871 501 918; x_wconf 86' lang='lat' dir='ltr'>extremum</span> <span class='ocrx_word' id='word_1_26' title='bbox 516 855 588 936; x_wconf 82' lang='lat' dir='ltr'>fugit</span> <span class='ocrx_word' id='word_1_27' title='bbox 601 857 770 938; x_wconf 87' lang='lat' dir='ltr'>perterritus</span> <span class='ocrx_word' id='word_1_28' title='bbox 785 859 896 932; x_wconf 87' lang='lat' dir='ltr'>orbem,</span> 
     </span>
    </p>

    <p class='ocr_par' dir='ltr' id='par_1_6' title="bbox 187 953 1069 1039">
     <span class='ocr_line' id='line_1_6' title="bbox 187 953 1069 1039; baseline 0.008 -25"><span class='ocrx_word' id='word_1_29' title='bbox 187 953 387 1037; x_wconf 89' lang='lat' dir='ltr'>Occuluitque</span> <span class='ocrx_word' id='word_1_30' title='bbox 403 967 504 1036; x_wconf 89' lang='lat' dir='ltr'>caput,</span> <span class='ocrx_word' id='word_1_31' title='bbox 521 953 598 1036; x_wconf 94' lang='lat' dir='ltr'>quod</span> <span class='ocrx_word' id='word_1_32' title='bbox 614 955 710 1016; x_wconf 86' lang='lat' dir='ltr'>adhuc</span> <span class='ocrx_word' id='word_1_33' title='bbox 726 955 806 1016; x_wconf 83' lang='lat' dir='ltr'>latet.</span> <span class='ocrx_word' id='word_1_34' title='bbox 852 955 938 1017; x_wconf 82' lang='lat' dir='ltr'>Ostia</span> <span class='ocrx_word' id='word_1_35' title='bbox 952 972 1069 1039; x_wconf 86' lang='lat' dir='ltr'><strong>septem</strong></span> 
     </span>
    </p>

    <p class='ocr_par' dir='ltr' id='par_1_7' title="bbox 187 1049 1167 1133">
     <span class='ocr_line' id='line_1_7' title="bbox 187 1049 1167 1133; baseline 0.008 -22"><span class='ocrx_word' id='word_1_36' title='bbox 187 1049 399 1114; x_wconf 89' lang='lat' dir='ltr'>Pulvemlenta</span> <span class='ocrx_word' id='word_1_37' title='bbox 415 1065 531 1127; x_wconf 89' lang='lat' dir='ltr'>vacant,</span> <span class='ocrx_word' id='word_1_38' title='bbox 546 1066 662 1133; x_wconf 84' lang='lat' dir='ltr'>septem</span> <span class='ocrx_word' id='word_1_39' title='bbox 676 1052 738 1112; x_wconf 90' lang='lat' dir='ltr'>sine</span> <span class='ocrx_word' id='word_1_40' title='bbox 755 1052 874 1114; x_wconf 88' lang='lat' dir='ltr'>flumine</span> <span class='ocrx_word' id='word_1_41' title='bbox 891 1054 992 1116; x_wconf 90' lang='lat' dir='ltr'>valles.</span> <span class='ocrx_word' id='word_1_42' title='bbox 1101 1059 1167 1119; x_wconf 76' lang='lat'>255</span> 
     </span>
    </p>

    <p class='ocr_par' dir='ltr' id='par_1_8' title="bbox 187 1146 1060 1231">
     <span class='ocr_line' id='line_1_8' title="bbox 187 1146 1060 1231; baseline 0.006 -22"><span class='ocrx_word' id='word_1_43' title='bbox 187 1146 263 1210; x_wconf 88' lang='lat' dir='ltr'>Fors</span> <span class='ocrx_word' id='word_1_44' title='bbox 279 1150 383 1212; x_wconf 87' lang='lat' dir='ltr'>eadem</span> <span class='ocrx_word' id='word_1_45' title='bbox 400 1149 536 1212; x_wconf 81' lang='lat' dir='ltr'>Ismarios</span> <span class='ocrx_word' id='word_1_46' title='bbox 552 1147 770 1210; x_wconf 86' lang='lat' dir='ltr'>Hebrumcum</span> <span class='ocrx_word' id='word_1_47' title='bbox 786 1149 945 1231; x_wconf 72' lang='lat' dir='ltr'>Strymone</span> <span class='ocrx_word' id='word_1_48' title='bbox 959 1152 1060 1228; x_wconf 83' lang='lat' dir='ltr'>siccat,</span> 
     </span>
    </p>

    <p class='ocr_par' dir='ltr' id='par_1_9' title="bbox 187 1244 1166 1333">
     <span class='ocr_line' id='line_1_9' title="bbox 187 1244 1166 1333; baseline 0.003 -25"><span class='ocrx_word' id='word_1_49' title='bbox 187 1245 408 1330; x_wconf 89' lang='lat' dir='ltr'>Hesperiosque</span> <span class='ocrx_word' id='word_1_50' title='bbox 420 1267 532 1320; x_wconf 90' lang='lat' dir='ltr'>amnes,</span> <span class='ocrx_word' id='word_1_51' title='bbox 544 1244 697 1321; x_wconf 89' lang='lat' dir='ltr'><strong>Rhenum,</strong></span> <span class='ocrx_word' id='word_1_52' title='bbox 709 1244 962 1330; x_wconf 84' lang='lat' dir='ltr'>Rhodanumque,</span> <span class='ocrx_word' id='word_1_53' title='bbox 975 1248 1166 1333; x_wconf 88' lang='lat' dir='ltr'>Padumque,</span> 
     </span>
    </p>

    <p class='ocr_par' dir='ltr' id='par_1_10' title="bbox 187 1342 963 1427">
     <span class='ocr_line' id='line_1_10' title="bbox 187 1342 963 1427; baseline 0.001 -22"><span class='ocrx_word' id='word_1_54' title='bbox 187 1343 307 1427; x_wconf 88' lang='lat' dir='ltr'>Cuique</span> <span class='ocrx_word' id='word_1_55' title='bbox 324 1342 376 1405; x_wconf 87' lang='lat' dir='ltr'>fuit</span> <span class='ocrx_word' id='word_1_56' title='bbox 390 1364 487 1405; x_wconf 90' lang='lat' dir='ltr'>rerum</span> <span class='ocrx_word' id='word_1_57' title='bbox 503 1343 643 1425; x_wconf 90' lang='lat' dir='ltr'>promissa</span> <span class='ocrx_word' id='word_1_58' title='bbox 659 1344 801 1424; x_wconf 88' lang='lat' dir='ltr'>potentia,</span> <span class='ocrx_word' id='word_1_59' title='bbox 816 1343 963 1426; x_wconf 88' lang='lat' dir='ltr'>Thybrin.</span> 
     </span>
    </p>

    <p class='ocr_par' dir='ltr' id='par_1_11' title="bbox 187 1438 1025 1523">
     <span class='ocr_line' id='line_1_11' title="bbox 187 1438 1025 1523; baseline 0.002 -21"><span class='ocrx_word' id='word_1_60' title='bbox 187 1438 301 1502; x_wconf 85' lang='lat' dir='ltr'>Dissilit</span> <span class='ocrx_word' id='word_1_61' title='bbox 316 1461 404 1502; x_wconf 91' lang='lat' dir='ltr'>omne</span> <span class='ocrx_word' id='word_1_62' title='bbox 420 1439 533 1514; x_wconf 90' lang='lat' dir='ltr'>solum;</span> <span class='ocrx_word' id='word_1_63' title='bbox 556 1453 748 1523; x_wconf 67' lang='lat' dir='ltr'>penetratque</span> <span class='ocrx_word' id='word_1_64' title='bbox 763 1440 792 1503; x_wconf 93' lang='lat' dir='ltr'>in</span> <span class='ocrx_word' id='word_1_65' title='bbox 809 1441 931 1503; x_wconf 80' lang='lat' dir='ltr'>Tartara</span> <span class='ocrx_word' id='word_1_66' title='bbox 946 1441 1025 1504; x_wconf 87' lang='lat' dir='ltr'>rimis</span> 
     </span>
    </p>

    <p class='ocr_par' dir='ltr' id='par_1_12' title="bbox 186 1535 1166 1622">
     <span class='ocr_line' id='line_1_12' title="bbox 186 1535 1166 1622; baseline 0.004 -24"><span class='ocrx_word' id='word_1_67' title='bbox 186 1537 316 1613; x_wconf 90' lang='lat' dir='ltr'>Lumen,</span> <span class='ocrx_word' id='word_1_68' title='bbox 333 1551 363 1598; x_wconf 88' lang='lat' dir='ltr'>et</span> <span class='ocrx_word' id='word_1_69' title='bbox 378 1535 522 1598; x_wconf 81' lang='lat' dir='ltr'>infernum</span> <span class='ocrx_word' id='word_1_70' title='bbox 537 1550 627 1599; x_wconf 89' lang='lat' dir='ltr'>terret</span> <span class='ocrx_word' id='word_1_71' title='bbox 641 1559 710 1598; x_wconf 91' lang='lat' dir='ltr'>cum</span> <span class='ocrx_word' id='word_1_72' title='bbox 724 1538 851 1622; x_wconf 86' lang='lat' dir='ltr'>conjuge</span> <span class='ocrx_word' id='word_1_73' title='bbox 866 1560 978 1620; x_wconf 86' lang='lat' dir='ltr'>regem.</span> <span class='ocrx_word' id='word_1_74' title='bbox 1101 1540 1166 1602; x_wconf 69' lang='lat'>260</span> 
     </span>
    </p>

    <p class='ocr_par' dir='ltr' id='par_1_13' title="bbox 187 1633 1017 1718">
     <span class='ocr_line' id='line_1_13' title="bbox 187 1633 1017 1718; baseline 0.002 -23"><span class='ocrx_word' id='word_1_75' title='bbox 187 1634 227 1696; x_wconf 87' lang='lat' dir='ltr'>Et</span> <span class='ocrx_word' id='word_1_76' title='bbox 243 1633 323 1696; x_wconf 89' lang='lat' dir='ltr'>mare</span> <span class='ocrx_word' id='word_1_77' title='bbox 338 1633 536 1696; x_wconf 84' lang='lat' dir='ltr'>contrahitur:</span> <span class='ocrx_word' id='word_1_78' title='bbox 560 1634 701 1718; x_wconf 79' lang='lat' dir='ltr'>siccaque</span> <span class='ocrx_word' id='word_1_79' title='bbox 718 1650 762 1697; x_wconf 86' lang='lat' dir='ltr'>¹est</span> <span class='ocrx_word' id='word_1_80' title='bbox 775 1657 897 1718; x_wconf 84' lang='lat' dir='ltr'>campus</span> <span class='ocrx_word' id='word_1_81' title='bbox 913 1657 1017 1712; x_wconf 75' lang='lat' dir='ltr'>arene,</span> 
     </span>
    </p>

    <p class='ocr_par' dir='ltr' id='par_1_14' title="bbox 187 1731 1150 1817">
     <span class='ocr_line' id='line_1_14' title="bbox 187 1731 1150 1817; baseline 0.004 -25"><span class='ocrx_word' id='word_1_82' title='bbox 187 1731 280 1804; x_wconf 84' lang='lat' dir='ltr'>Quod</span> <span class='ocrx_word' id='word_1_83' title='bbox 296 1731 386 1793; x_wconf 91' lang='lat' dir='ltr'>modo</span> <span class='ocrx_word' id='word_1_84' title='bbox 403 1745 509 1814; x_wconf 89' lang='lat' dir='ltr'>pontus</span> <span class='ocrx_word' id='word_1_85' title='bbox 525 1746 597 1794; x_wconf 88' lang='lat' dir='ltr'>erat.</span> <span class='ocrx_word' id='word_1_86' title='bbox 642 1731 788 1816; x_wconf 81' lang='lat' dir='ltr'>Quosque</span> <span class='ocrx_word' id='word_1_87' title='bbox 804 1734 895 1795; x_wconf 90' lang='lat' dir='ltr'>altum</span> <span class='ocrx_word' id='word_1_88' title='bbox 911 1746 1026 1796; x_wconf 86' lang='lat' dir='ltr'>texerat</span> <span class='ocrx_word' id='word_1_89' title='bbox 1042 1755 1150 1817; x_wconf 85' lang='lat' dir='ltr'>aequor,</span> 
     </span>
    </p>

    <p class='ocr_par' dir='ltr' id='par_1_15' title="bbox 187 1827 956 1914">
     <span class='ocr_line' id='line_1_15' title="bbox 187 1827 956 1914; baseline 0 -22"><span class='ocrx_word' id='word_1_90' title='bbox 187 1827 343 1892; x_wconf 83' lang='lat' dir='ltr'>Exsistunt</span> <span class='ocrx_word' id='word_1_91' title='bbox 357 1843 484 1906; x_wconf 89' lang='lat' dir='ltr'>montes,</span> <span class='ocrx_word' id='word_1_92' title='bbox 499 1845 529 1893; x_wconf 91' lang='lat' dir='ltr'>et</span> <span class='ocrx_word' id='word_1_93' title='bbox 543 1851 658 1914; x_wconf 87' lang='lat' dir='ltr'>sparsas</span> <span class='ocrx_word' id='word_1_94' title='bbox 673 1829 822 1912; x_wconf 84' lang='lat' dir='ltr'>Cycladas</span> <span class='ocrx_word' id='word_1_95' title='bbox 837 1844 956 1911; x_wconf 87' lang='lat' dir='ltr'>augent.</span> 
     </span>
    </p>

    <p class='ocr_par' dir='ltr' id='par_1_16' title="bbox 187 1925 958 2012">
     <span class='ocr_line' id='line_1_16' title="bbox 187 1925 958 2012; baseline 0.001 -24"><span class='ocrx_word' id='word_1_96' title='bbox 187 1925 252 1989; x_wconf 93' lang='lat' dir='ltr'>lma</span> <span class='ocrx_word' id='word_1_97' title='bbox 266 1942 371 2010; x_wconf 89' lang='lat' dir='ltr'>petunt</span> <span class='ocrx_word' id='word_1_98' title='bbox 386 1928 499 2011; x_wconf 87' lang='lat' dir='ltr'>pisces:</span> <span class='ocrx_word' id='word_1_99' title='bbox 521 1949 578 1990; x_wconf 89' lang='lat' dir='ltr'>nec</span> <span class='ocrx_word' id='word_1_100' title='bbox 593 1949 625 1990; x_wconf 89' lang='lat' dir='ltr'>se</span> <span class='ocrx_word' id='word_1_101' title='bbox 640 1949 728 2012; x_wconf 90' lang='lat' dir='ltr'>super</span> <span class='ocrx_word' id='word_1_102' title='bbox 742 1947 862 2009; x_wconf 81' lang='lat' dir='ltr'>aequora</span> <span class='ocrx_word' id='word_1_103' title='bbox 876 1927 958 1990; x_wconf 91' lang='lat' dir='ltr'>curvi</span> 
     </span>
    </p>

    <p class='ocr_par' dir='ltr' id='par_1_17' title="bbox 163 2024 1165 2108">
     <span class='ocr_line' id='line_1_17' title="bbox 163 2024 1165 2108; baseline -0.001 -21"><span class='ocrx_word' id='word_1_104' title='bbox 163 2031 170 2046; x_wconf 85' lang='grc'><em>“</em></span> <span class='ocrx_word' id='word_1_105' title='bbox 187 2025 307 2088; x_wconf 79' lang='lat' dir='ltr'>Tollere</span> <span class='ocrx_word' id='word_1_106' title='bbox 322 2039 477 2090; x_wconf 90' lang='lat' dir='ltr'>consuetas</span> <span class='ocrx_word' id='word_1_107' title='bbox 493 2026 602 2088; x_wconf 87' lang='lat' dir='ltr'>audent</span> <span class='ocrx_word' id='word_1_108' title='bbox 617 2025 771 2108; x_wconf 88' lang='lat' dir='ltr'>delphines</span> <span class='ocrx_word' id='word_1_109' title='bbox 787 2024 815 2085; x_wconf 91' lang='lat' dir='ltr'>in</span> <span class='ocrx_word' id='word_1_110' title='bbox 833 2045 928 2085; x_wconf 86' lang='lat' dir='ltr'>auras.</span> <span class='ocrx_word' id='word_1_111' title='bbox 1101 2025 1165 2086; x_wconf 67' lang='lat'>265</span> 
     </span>
    </p>

    <p class='ocr_par' dir='ltr' id='par_1_18' title="bbox 187 2121 941 2208">
     <span class='ocr_line' id='line_1_18' title="bbox 187 2121 941 2208; baseline -0.005 -23"><span class='ocrx_word' id='word_1_112' title='bbox 187 2122 322 2207; x_wconf 86' lang='lat' dir='ltr'>Corpora</span> <span class='ocrx_word' id='word_1_113' title='bbox 338 2125 497 2208; x_wconf 85' lang='lat' dir='ltr'>phocarum</span> <span class='ocrx_word' id='word_1_114' title='bbox 514 2145 629 2186; x_wconf 89' lang='lat' dir='ltr'>summo</span> <span class='ocrx_word' id='word_1_115' title='bbox 643 2123 781 2205; x_wconf 90' lang='lat' dir='ltr'>resupina</span> <span class='ocrx_word' id='word_1_116' title='bbox 797 2121 941 2204; x_wconf 78' lang='lat' dir='ltr'>profundo</span> 
     </span>
    </p>

    <p class='ocr_par' dir='ltr' id='par_1_19' title="bbox 189 2218 1048 2304">
     <span class='ocr_line' id='line_1_19' title="bbox 189 2218 1048 2304; baseline 0 -22"><span class='ocrx_word' id='word_1_117' title='bbox 189 2220 366 2284; x_wconf 85' lang='lat' dir='ltr'>Exanimata</span> <span class='ocrx_word' id='word_1_118' title='bbox 377 2221 489 2304; x_wconf 66' lang='lat' dir='ltr'>jacent.</span> <span class='ocrx_word' id='word_1_119' title='bbox 534 2220 635 2302; x_wconf 90' lang='lat' dir='ltr'>Ipsum</span> <span class='ocrx_word' id='word_1_120' title='bbox 652 2241 770 2302; x_wconf 89' lang='lat' dir='ltr'>quoque</span> <span class='ocrx_word' id='word_1_121' title='bbox 787 2218 886 2281; x_wconf 90' lang='lat' dir='ltr'>Nerea</span> <span class='ocrx_word' id='word_1_122' title='bbox 902 2218 978 2281; x_wconf 84' lang='lat' dir='ltr'>lama</span> <span class='ocrx_word' id='word_1_123' title='bbox 992 2231 1048 2296; x_wconf 88' lang='lat' dir='ltr'>est,</span> 
     </span>
    </p>

    <p class='ocr_par' dir='ltr' id='par_1_20' title="bbox 192 2316 962 2398">
     <span class='ocr_line' id='line_1_20' title="bbox 192 2316 962 2398; baseline 0.001 -21"><span class='ocrx_word' id='word_1_124' title='bbox 192 2316 371 2398; x_wconf 87' lang='lat' dir='ltr'>Doridaque,</span> <span class='ocrx_word' id='word_1_125' title='bbox 386 2333 416 2379; x_wconf 91' lang='lat' dir='ltr'>et</span> <span class='ocrx_word' id='word_1_126' title='bbox 431 2332 524 2392; x_wconf 81' lang='lat' dir='ltr'>natas,</span> <span class='ocrx_word' id='word_1_127' title='bbox 539 2317 778 2398; x_wconf 59' lang='lat' dir='ltr'>tepidiolatuisse</span> <span class='ocrx_word' id='word_1_128' title='bbox 794 2316 849 2377; x_wconf 90' lang='lat' dir='ltr'>sub</span> <span class='ocrx_word' id='word_1_129' title='bbox 864 2316 962 2378; x_wconf 76' lang='lat' dir='ltr'>antris</span> 
     </span>
    </p>

    <p class='ocr_par' dir='ltr' id='par_1_21' title="bbox 187 2411 934 2495">
     <span class='ocr_line' id='line_1_21' title="bbox 187 2411 934 2495; baseline 0.003 -22"><span class='ocrx_word' id='word_1_130' title='bbox 187 2411 251 2473; x_wconf 89' lang='lat' dir='ltr'>Ter</span> <span class='ocrx_word' id='word_1_131' title='bbox 265 2412 423 2494; x_wconf 88' lang='lat' dir='ltr'>Neptunus</span> <span class='ocrx_word' id='word_1_132' title='bbox 438 2413 520 2495; x_wconf 88' lang='lat' dir='ltr'>aquis</span> <span class='ocrx_word' id='word_1_133' title='bbox 534 2434 603 2473; x_wconf 94' lang='lat' dir='ltr'>cum</span> <span class='ocrx_word' id='word_1_134' title='bbox 620 2427 703 2474; x_wconf 91' lang='lat' dir='ltr'>torvo</span> <span class='ocrx_word' id='word_1_135' title='bbox 718 2412 837 2474; x_wconf 90' lang='lat' dir='ltr'>brachia</span> <span class='ocrx_word' id='word_1_136' title='bbox 852 2413 934 2475; x_wconf 87' lang='lat' dir='ltr'>vultu</span> 
     </span>
    </p>

    <p class='ocr_par' dir='ltr' id='par_1_22' title="bbox 189 2507 1165 2690">
     <span class='ocr_line' id='line_1_22' title="bbox 189 2507 1165 2578; baseline 0.007 -8"><span class='ocrx_word' id='word_1_137' title='bbox 189 2507 336 2570; x_wconf 87' lang='lat' dir='ltr'>Exserere</span> <span class='ocrx_word' id='word_1_138' title='bbox 352 2529 439 2570; x_wconf 88' lang='lat' dir='ltr'>ausus</span> <span class='ocrx_word' id='word_1_139' title='bbox 454 2522 532 2570; x_wconf 89' lang='lat' dir='ltr'>erat:</span> <span class='ocrx_word' id='word_1_140' title='bbox 556 2523 601 2570; x_wconf 86' lang='lat' dir='ltr'>ter</span> <span class='ocrx_word' id='word_1_141' title='bbox 615 2531 673 2571; x_wconf 90' lang='lat' dir='ltr'>non</span> <span class='ocrx_word' id='word_1_142' title='bbox 689 2510 754 2572; x_wconf 89' lang='lat' dir='ltr'>tulit</span> <span class='ocrx_word' id='word_1_143' title='bbox 769 2510 843 2571; x_wconf 85' lang='lat' dir='ltr'>ai&#39;ris</span> <span class='ocrx_word' id='word_1_144' title='bbox 860 2524 956 2572; x_wconf 76' lang='lat' dir='ltr'>aestus</span> <span class='ocrx_word' id='word_1_145' title='bbox 1101 2514 1165 2578; x_wconf 73' lang='lat'>270</span> 
     </span>
     <span class='ocr_line' id='line_1_23' title="bbox 231 2602 1001 2690; baseline 0.005 -24"><span class='ocrx_word' id='word_1_146' title='bbox 231 2606 321 2667; x_wconf 89' lang='lat' dir='ltr'>Alma</span> <span class='ocrx_word' id='word_1_147' title='bbox 335 2602 434 2667; x_wconf 87' lang='lat' dir='ltr'>tamen</span> <span class='ocrx_word' id='word_1_148' title='bbox 450 2605 565 2683; x_wconf 90' lang='lat' dir='ltr'>Tellus,</span> <span class='ocrx_word' id='word_1_149' title='bbox 580 2620 612 2669; x_wconf 91' lang='lat' dir='ltr'>ut</span> <span class='ocrx_word' id='word_1_150' title='bbox 627 2621 690 2670; x_wconf 85' lang='lat' dir='ltr'>erat</span> <span class='ocrx_word' id='word_1_151' title='bbox 704 2608 885 2671; x_wconf 86' lang='lat' dir='ltr'>circumdata</span> <span class='ocrx_word' id='word_1_152' title='bbox 899 2622 1001 2690; x_wconf 89' lang='lat' dir='ltr'>ponto,</span> 
     </span>
    </p>

    <p class='ocr_par' dir='ltr' id='par_1_23' title="bbox 188 2703 940 2789">
     <span class='ocr_line' id='line_1_24' title="bbox 188 2703 940 2789; baseline 0.001 -23"><span class='ocrx_word' id='word_1_153' title='bbox 188 2703 269 2766; x_wconf 87' lang='lat' dir='ltr'>lnter</span> <span class='ocrx_word' id='word_1_154' title='bbox 282 2725 371 2786; x_wconf 87' lang='lat' dir='ltr'>aquas</span> <span class='ocrx_word' id='word_1_155' title='bbox 387 2704 495 2788; x_wconf 84' lang='lat' dir='ltr'>pelagi,</span> <span class='ocrx_word' id='word_1_156' title='bbox 509 2719 674 2783; x_wconf 89' lang='lat' dir='ltr'>contractos</span> <span class='ocrx_word' id='word_1_157' title='bbox 689 2706 818 2789; x_wconf 88' lang='lat' dir='ltr'>undique</span> <span class='ocrx_word' id='word_1_158' title='bbox 835 2704 940 2782; x_wconf 89' lang='lat' dir='ltr'>sontes,</span> 
     </span>
    </p>

    <p class='ocr_par' dir='ltr' id='par_1_24' title="bbox 188 2799 921 2888">
     <span class='ocr_line' id='line_1_25' title="bbox 188 2799 921 2888; baseline 0 -25"><span class='ocrx_word' id='word_1_159' title='bbox 188 2799 251 2874; x_wconf 83' lang='lat' dir='ltr'>Qui</span> <span class='ocrx_word' id='word_1_160' title='bbox 265 2823 297 2864; x_wconf 87' lang='lat' dir='ltr'>se</span> <span class='ocrx_word' id='word_1_161' title='bbox 312 2803 502 2866; x_wconf 86' lang='lat' dir='ltr'>condiderant</span> <span class='ocrx_word' id='word_1_162' title='bbox 517 2803 546 2866; x_wconf 94' lang='lat' dir='ltr'>in</span> <span class='ocrx_word' id='word_1_163' title='bbox 560 2826 660 2888; x_wconf 90' lang='lat' dir='ltr'>opacae</span> <span class='ocrx_word' id='word_1_164' title='bbox 676 2805 789 2866; x_wconf 85' lang='lat' dir='ltr'>viscera</span> <span class='ocrx_word' id='word_1_165' title='bbox 804 2803 921 2878; x_wconf 91' lang='lat' dir='ltr'>matris;</span> 
     </span>
    </p>

    <p class='ocr_par' dir='ltr' id='par_1_25' title="bbox 188 2899 900 2964">
     <span class='ocr_line' id='line_1_26' title="bbox 188 2899 900 2964; baseline 0 -3"><span class='ocrx_word' id='word_1_166' title='bbox 188 2899 312 2962; x_wconf 89' lang='lat' dir='ltr'>Sustulit</span> <span class='ocrx_word' id='word_1_167' title='bbox 327 2900 484 2964; x_wconf 90' lang='lat' dir='ltr'>omniseros</span> <span class='ocrx_word' id='word_1_168' title='bbox 498 2902 575 2964; x_wconf 94' lang='lat' dir='ltr'>collo</span> <span class='ocrx_word' id='word_1_169' title='bbox 590 2916 676 2964; x_wconf 86' lang='lat' dir='ltr'>tenus</span> <span class='ocrx_word' id='word_1_170' title='bbox 691 2902 769 2964; x_wconf 85' lang='lat' dir='ltr'>arida</span> <span class='ocrx_word' id='word_1_171' title='bbox 785 2900 900 2963; x_wconf 90' lang='lat' dir='ltr'>vultus:</span> 
     </span>
    </p>

    <p class='ocr_par' dir='ltr' id='par_1_26' title="bbox 187 2995 1163 3080">
     <span class='ocr_line' id='line_1_27' title="bbox 187 2995 1163 3080; baseline 0.004 -24"><span class='ocrx_word' id='word_1_172' title='bbox 187 2995 396 3080; x_wconf 89' lang='lat' dir='ltr'>Opposuitque</span> <span class='ocrx_word' id='word_1_173' title='bbox 412 3020 531 3060; x_wconf 88' lang='lat' dir='ltr'>manum</span> <span class='ocrx_word' id='word_1_174' title='bbox 546 2997 648 3060; x_wconf 83' lang='lat' dir='ltr'>fronti:</span> <span class='ocrx_word' id='word_1_175' title='bbox 681 3020 848 3080; x_wconf 91' lang='lat' dir='ltr'>magnoque</span> <span class='ocrx_word' id='word_1_176' title='bbox 864 3011 991 3059; x_wconf 88' lang='lat' dir='ltr'>tremore</span> <span class='ocrx_word' id='word_1_177' title='bbox 1100 2998 1163 3060; x_wconf 79' lang='lat'>275</span> 
     </span>
    </p>

    <p class='ocr_par' dir='ltr' id='par_1_27' title="bbox 187 3093 988 3174">
     <span class='ocr_line' id='line_1_28' title="bbox 187 3093 988 3174; baseline 0.002 -20"><span class='ocrx_word' id='word_1_178' title='bbox 187 3093 296 3155; x_wconf 89' lang='lat' dir='ltr'>Omnia</span> <span class='ocrx_word' id='word_1_179' title='bbox 311 3095 482 3156; x_wconf 88' lang='lat' dir='ltr'>concutiens</span> <span class='ocrx_word' id='word_1_180' title='bbox 497 3094 617 3174; x_wconf 72' lang='lat' dir='ltr'>paulim</span> <span class='ocrx_word' id='word_1_181' title='bbox 632 3096 780 3170; x_wconf 83' lang='lat' dir='ltr'>subsedit3</span> <span class='ocrx_word' id='word_1_182' title='bbox 803 3109 833 3156; x_wconf 90' lang='lat' dir='ltr'>et</span> <span class='ocrx_word' id='word_1_183' title='bbox 848 3093 931 3170; x_wconf 78' lang='lat' dir='ltr'>insri,</span> <span class='ocrx_word' id='word_1_184' title='bbox 962 3131 988 3141; x_wconf 48' lang='grc' dir='ltr'>ν</span> 
     </span>
    </p>

    <p class='ocr_par' dir='ltr' id='par_1_28' title="bbox 188 3188 1051 3270">
     <span class='ocr_line' id='line_1_29' title="bbox 188 3188 1051 3270; baseline 0.002 -21"><span class='ocrx_word' id='word_1_185' title='bbox 188 3189 291 3261; x_wconf 78' lang='lat' dir='ltr'>Quim</span> <span class='ocrx_word' id='word_1_186' title='bbox 306 3191 381 3252; x_wconf 89' lang='lat' dir='ltr'>solet</span> <span class='ocrx_word' id='word_1_187' title='bbox 395 3211 471 3265; x_wconf 87' lang='lat' dir='ltr'>esse,</span> <span class='ocrx_word' id='word_1_188' title='bbox 487 3188 557 3250; x_wconf 91' lang='lat' dir='ltr'>suit:</span> <span class='ocrx_word' id='word_1_189' title='bbox 580 3189 717 3270; x_wconf 70' lang='lat' dir='ltr'>siccique</span> <span class='ocrx_word' id='word_1_190' title='bbox 734 3191 772 3252; x_wconf 89' lang='lat' dir='ltr'>ita</span> <span class='ocrx_word' id='word_1_191' title='bbox 789 3213 861 3254; x_wconf 85' lang='lat' dir='ltr'>voce</span> <span class='ocrx_word' id='word_1_192' title='bbox 877 3192 975 3252; x_wconf 90' lang='lat' dir='ltr'>locuta</span> <span class='ocrx_word' id='word_1_193' title='bbox 989 3203 1051 3252; x_wconf 92' lang='lat' dir='ltr'>est:</span> 
     </span>
    </p>

    <p class='ocr_par' dir='ltr' id='par_1_29' title="bbox 189 3286 1076 3369">
     <span class='ocr_line' id='line_1_30' title="bbox 189 3286 1076 3369; baseline -0.002 -20"><span class='ocrx_word' id='word_1_194' title='bbox 189 3287 239 3349; x_wconf 86' lang='lat' dir='ltr'>‘Si</span> <span class='ocrx_word' id='word_1_195' title='bbox 255 3288 353 3369; x_wconf 90' lang='lat' dir='ltr'>placet</span> <span class='ocrx_word' id='word_1_196' title='bbox 368 3287 436 3363; x_wconf 90' lang='lat' dir='ltr'>hoc,</span> <span class='ocrx_word' id='word_1_197' title='bbox 451 3286 614 3368; x_wconf 88' lang='lat' dir='ltr'>meruique,</span> <span class='ocrx_word' id='word_1_198' title='bbox 631 3286 699 3367; x_wconf 90' lang='lat' dir='ltr'>quid</span> <span class='ocrx_word' id='word_1_199' title='bbox 716 3308 734 3346; x_wconf 96' lang='lat' dir='ltr'>o</span> <span class='ocrx_word' id='word_1_200' title='bbox 749 3302 799 3348; x_wconf 89' lang='lat' dir='ltr'>tua</span> <span class='ocrx_word' id='word_1_201' title='bbox 816 3287 936 3349; x_wconf 79' lang='lat' dir='ltr'>fulmina</span> <span class='ocrx_word' id='word_1_202' title='bbox 950 3299 1076 3363; x_wconf 87' lang='lat' dir='ltr'>cessant,</span> 
     </span>
    </p>

    <p class='ocr_par' dir='ltr' id='par_1_30' title="bbox 189 3382 936 3465">
     <span class='ocr_line' id='line_1_31' title="bbox 189 3382 936 3465; baseline -0.003 -19"><span class='ocrx_word' id='word_1_203' title='bbox 189 3385 311 3447; x_wconf 90' lang='lat' dir='ltr'>Summe</span> <span class='ocrx_word' id='word_1_204' title='bbox 327 3384 437 3445; x_wconf 76' lang='lat' dir='ltr'>delmi?</span> <span class='ocrx_word' id='word_1_205' title='bbox 460 3382 564 3445; x_wconf 87' lang='lat' dir='ltr'>Liceat</span> <span class='ocrx_word' id='word_1_206' title='bbox 579 3384 713 3465; x_wconf 78' lang='lat' dir='ltr'>peritura</span> <span class='ocrx_word' id='word_1_207' title='bbox 730 3383 836 3444; x_wconf 88' lang='lat' dir='ltr'>viribus</span> <span class='ocrx_word' id='word_1_208' title='bbox 851 3384 936 3462; x_wconf 87' lang='lat' dir='ltr'>ignis,</span> 
     </span>
    </p>

    <p class='ocr_par' dir='ltr' id='par_1_31' title="bbox 188 3480 1162 3565">
     <span class='ocr_line' id='line_1_32' title="bbox 188 3480 1162 3565; baseline -0.007 -21"><span class='ocrx_word' id='word_1_209' title='bbox 188 3481 261 3562; x_wconf 84' lang='lat' dir='ltr'>lgna</span> <span class='ocrx_word' id='word_1_210' title='bbox 277 3483 370 3565; x_wconf 86' lang='lat' dir='ltr'>perire</span> <span class='ocrx_word' id='word_1_211' title='bbox 386 3496 456 3556; x_wconf 92' lang='lat' dir='ltr'>tuo;</span> <span class='ocrx_word' id='word_1_212' title='bbox 478 3480 652 3562; x_wconf 89' lang='lat' dir='ltr'>clademque</span> <span class='ocrx_word' id='word_1_213' title='bbox 669 3495 788 3542; x_wconf 89' lang='lat' dir='ltr'>auctore</span> <span class='ocrx_word' id='word_1_214' title='bbox 803 3481 913 3540; x_wconf 88' lang='lat' dir='ltr'>levare.</span> <span class='ocrx_word' id='word_1_215' title='bbox 1100 3482 1162 3546; x_wconf 76' lang='lat'>280</span> 
     </span>
    </p>

    <p class='ocr_par' dir='ltr' id='par_1_32' title="bbox 189 3575 973 3665">
     <span class='ocr_line' id='line_1_33' title="bbox 189 3575 973 3665; baseline -0.001 -24"><span class='ocrx_word' id='word_1_216' title='bbox 189 3577 252 3642; x_wconf 86' lang='lat' dir='ltr'>Vix</span> <span class='ocrx_word' id='word_1_217' title='bbox 267 3579 405 3665; x_wconf 90' lang='lat' dir='ltr'>equidem</span> <span class='ocrx_word' id='word_1_218' title='bbox 419 3578 520 3642; x_wconf 84' lang='lat' dir='ltr'>fauces</span> <span class='ocrx_word' id='word_1_219' title='bbox 535 3578 598 3641; x_wconf 85' lang='lat' dir='ltr'>haec</span> <span class='ocrx_word' id='word_1_220' title='bbox 613 3578 675 3662; x_wconf 90' lang='lat' dir='ltr'>ipsa</span> <span class='ocrx_word' id='word_1_221' title='bbox 690 3579 718 3641; x_wconf 91' lang='lat' dir='ltr'>in</span> <span class='ocrx_word' id='word_1_222' title='bbox 735 3577 823 3640; x_wconf 88' lang='lat' dir='ltr'>verba</span> <span class='ocrx_word' id='word_1_223' title='bbox 837 3575 973 3655; x_wconf 90' lang='lat' dir='ltr'>resolvo,’</span> 
     </span>
    </p>
   </div>
   <div class='ocr_carea' id='block_1_3' title="bbox 0 0 1290 4242">
    <p class='ocr_par' dir='ltr' id='par_1_33' title="bbox 0 0 1290 4242">
     <span class='ocr_line' id='line_1_34' title="bbox 0 0 1290 4242; baseline 0 0"><span class='ocrx_word' id='word_1_224' title='bbox 0 0 1290 4242; x_wconf 95' lang='lat' dir='ltr'> </span> 
     </span>
    </p>
   </div>
  </div>
 </body>
</html>
