2568 4248
541 475 649 526 ainau
673 475 746 526 Xlll.
1074 473 1135 535 115

515 845 653 910 LIBER
679 845 770 910 Xlll.

178 1064 356 1110 ctn'rmrt
379 1065 482 1106 ntuetr
503 1063 627 1107 unctu
649 1064 692 1106 ET
714 1064 859 1107 ULYSSEM
880 1066 925 1108 D}
947 1066 1101 1112 acuum

591 1161 697 1206 ARMIS·

603 1345 635 1387 v.
653 1328 681 1388 l.

147 1509 327 1575 consedere
344 1509 452 1573 duces:
477 1522 518 1586 ct,
534 1508 613 1591 vulgi
628 1522 723 1572 stante
737 1509 858 1589 corone,

147 1607 249 1692 Surgit
264 1607 303 1671 ad
318 1607 373 1671 hos
386 1606 486 1692 clypei
502 1606 638 1668 dominus
651 1607 853 1690 septemplicis
867 1607 962 1694 Ajax.

147 1704 253 1792 thue
268 1719 331 1770 erat
345 1705 502 1788 impatiens
517 1725 575 1781 ine,
592 1702 694 1786 Sigeia
707 1719 792 1768 torvo

146 1802 266 1867 Littora
280 1803 423 1886 respexit,
437 1801 623 1886 classemque
638 1801 667 1864 in
682 1802 789 1880 littore,
805 1801 907 1866 vultu:

147 1899 371 1984 Intendensquc
387 1919 502 1976 manus,
518 1899 676 1982 ‘Agimus,
692 1901 746 1984 pro
765 1899 905 1984 Jupiter:
920 1901 1015 1985 iuquit
1110 1905 1133 1968 ὅ

148 1997 252 2061 ‘Ante
267 2012 345 2060 rates
359 2017 499 2074 causam3
522 2010 552 2060 et
566 2019 685 2060 mecum
701 1996 852 2061 confertur
865 1995 1011 2081 Ulysses!

147 2095 195 2159 At
208 2118 268 2158 non
283 2094 443 2158 Hectoreis
458 2094 602 2158 dubitavit
616 2095 724 2158 cedere
739 2094 883 2159 flammis:

147 2191 238 2268 Quas
254 2215 311 2276 ego
325 2193 469 2272 sustinui3
491 2213 563 2277 ques
578 2193 635 2256 hac
651 2193 776 2256 uolasse
792 2191 901 2276 iugavi.

146 2290 259 2354 Tutius
274 2305 319 2355 est
333 2291 408 2354 lictis
421 2291 509 2374 igitur
522 2291 702 2354 contendere
719 2289 826 2368 verbis,

147 2387 255 2463 Quam
270 2409 403 2472 pugnare
417 2409 518 2451 manu.
563 2388 626 2452 Sed
641 2411 698 2453 nec
713 2388 785 2452 mihi
800 2389 900 2454 dicere
915 2403 1096 2477 proruptum,

147 2485 217 2550 Neo
233 2485 333 2550 secere
347 2501 393 2550 est
408 2487 472 2550 isti:
496 2501 698 2571 quantumque
713 2509 769 2571 ego
784 2485 884 2552 Marte
902 2486 1003 2568 succi,
1091 2492 1127 2554 11

146 2583 308 2659 Quantum
322 2584 387 2648 acie
402 2584 499 2662 valeo,
513 2597 628 2648 tantum
643 2586 722 2649 valet
737 2587 791 2650 iste
805 2585 966 2670 loquendo.

146 2681 217 2747 Nec
231 2681 427 2746 memoranda
441 2697 541 2745 tamen
556 2683 639 2745 vobis
653 2703 721 2745 rnea
737 2682 825 2761 sacta,
840 2682 972 2767 Pelasgi,

146 2779 225 2844 Esse
240 2802 324 2844 reor:
349 2779 461 2844 vidistis
477 2780 567 2843 enirn.
612 2780 674 2844 Sua
688 2795 785 2843 narret
799 2780 943 2864 Ulysses:

146 2877 228 2953 Que
242 2879 307 2942 sine
322 2891 399 2942 teste
414 2878 499 2962 gerit,
515 2899 639 2964 quorum
653 2899 715 2941 nox
728 2879 848 2942 conscia
861 2879 925 2942 sole
938 2890 995 2942 est.
1042 2908 1055 2922 ==
1092 2881 1133 2944 15

190 2975 320 3040 Premia
334 2997 443 3059 magna
458 2976 520 3061 peti
535 2975 645 3039 sateor:
668 2975 722 3038 sed
739 2974 831 3039 demit
846 2976 989 3040 honorem

145 3073 300 3138 AEmulus.
344 3073 433 3160 Ajeci
448 3097 507 3138 uon
523 3090 568 3137 est
582 3075 711 3138 tenuisse
725 3065 896 3158 superbum,

146 3171 193 3236 Sit
208 3173 280 3236 licet
295 3174 354 3236 hoo
369 3174 484 3256 ingene,
500 3172 642 3258 quidquid
657 3173 786 3257 speravit
800 3169 937 3258 [Hyssos.

145 3269 208 3334 Iste
223 3270 291 3335 tulit
305 3271 434 3355 pretium
444 3269 508 3356 jarn
523 3292 601 3333 nuuc
616 3271 783 3334 certaminis
798 3270 904 3357 hujus3

147 3368 308 3443 Quocum
323 3369 419 3432 victus
434 3370 500 3446 erit,
515 3389 633 3431 mecum
648 3368 776 3431 certisse
793 3366 911 3434 leretur.
1089 3371 1133 3436 20

188 3468 295 3552 Atque
310 3487 378 3549 ego,
392 3467 417 3529 si
432 3466 523 3529 virtus
538 3467 567 3528 in
582 3487 631 3528 me
646 3465 811 3529 dubitabilis
826 3481 917 3545 esset,

146 3563 311 3630 Nobilitate
327 3578 435 3650 potens
449 3583 557 3641 essem,
572 3562 739 3626 Telamone
753 3576 889 3627 creatus:

145 3660 263 3728 Moenia
279 3661 329 3748 qui
345 3659 409 3725 lorti
425 3659 556 3746 Trojana
570 3661 625 3725 sub
640 3659 772 3724 Hercule
786 3659 886 3742 cepit:
