2568 4248
183 447 246 510 rte
619 450 729 500 rnsrr

223 605 364 688 Surgunt.
409 601 460 666 Ex
476 601 531 665 illis
545 601 638 664 altem
652 599 747 685 major
761 614 838 664 erat:

179 703 222 769 Et
236 703 373 787 gravibus
388 701 476 764 ramis
491 715 587 764 totum
602 712 774 784 protexerat
792 700 905 776 orbem,

222 801 458 886 Contigerutque
472 799 552 862 nove
566 798 660 861 sidera
674 819 792 860 summa
806 797 904 860 comi.

179 899 263 966 Ecce
277 921 363 964 meus
378 899 488 963 serrum
503 910 624 981 patruus
639 895 759 959 molitur
773 896 803 958 in
818 896 894 958 illae.

222 997 353 1062 Terreor
367 997 529 1073 admonitu,
544 1016 654 1079 corque
670 994 775 1056 timore
790 994 890 1057 micat.

111 1139 119 1150 ·
179 1095 289 1160 Martia
303 1094 395 1159 Ficus
409 1095 472 1158 sris
487 1093 606 1176 gemino
620 1113 674 1176 pro
689 1091 789 1175 stipite
806 1105 948 1176 puguant,

222 1193 265 1258 Et
279 1193 388 1278 Lupo:
411 1207 475 1256 tutu
489 1213 543 1276 per
556 1192 611 1262 hos
625 1204 750 1275 utraque
765 1191 865 1274 palma
878 1189 955 1253 suit!

180 1291 326 1356 Dixerat:
349 1305 381 1354 et
394 1291 515 1375 plenam
529 1312 589 1352 nou
603 1289 693 1351 firmis
709 1288 818 1351 viribus
832 1311 936 1352 urnam

223 1389 359 1452 Sustulit.
403 1387 557 1472 implerat,
574 1387 645 1450 dum
660 1407 714 1449 sua
728 1387 791 1450 visa
805 1384 904 1450 refert.

179 1485 298 1550 Interea
311 1499 464 1550 crescente
481 1485 593 1562 Remo,
607 1499 762 1548 crescente
777 1483 916 1563 Quirino,

171 1603 173 1608 ·
222 1583 361 1647 Pondere
375 1583 491 1646 coelesti
505 1581 598 1646 Silvia
612 1595 793 1646 meterent.

179 1680 255 1746 Haec
270 1683 321 1745 ubi
334 1682 474 1766 cognovit
489 1695 679 1765 contemptor
693 1681 833 1744 Amulius
848 1680 934 1766 equi,

225 1779 321 1868 (Nam
335 1794 433 1865 reptes
445 1780 525 1844 fratri
541 1781 635 1843 victor
648 1779 778 1842 habebat
791 1777 882 1864 opes)

180 1877 300 1944 Auferri
310 1878 398 1965 jussit
413 1899 530 1963 perros,
546 1879 621 1942 etin
636 1899 724 1941 amne
740 1878 849 1941 necari.

223 1975 308 2052 Quid
323 1976 416 2041 fucis?
437 1997 479 2040 ex
494 1976 556 2040 istis
571 1975 721 2040 Romulus
736 1976 811 2038 ulter
824 1976 890 2038 erit.

179 2073 200 2138 J
202 2097 269 2139 ussa
281 2090 453 2139 recusantes
468 2087 612 2160 peragunt
625 2075 793 2158 lacrymosa
807 2074 947 2138 ministri:

223 2171 315 2236 Flent
330 2187 442 2252 temen,
458 2188 489 2236 ct
503 2173 637 2256 geminos
652 2173 683 2235 iu
698 2173 764 2236 loca
774 2171 858 2258 jussa
873 2172 980 2236 serunt.

180 2271 304 2349 Albula,
320 2292 410 2356 quem
423 2269 548 2334 Tiberin
563 2293 677 2336 mersus
692 2271 853 2334 Tiberinus
868 2272 897 2334 in
911 2270 993 2334 uudit

224 2368 388 2447 Reddidit3
411 2369 540 2432 hibernis
555 2369 629 2434 fone
645 2370 778 2433 tumebat
793 2370 887 2454 aquis.

179 2464 252 2530 Huc
267 2466 318 2529 ubi
333 2480 491 2543 venerunt,
507 2489 564 2530 nec
575 2467 639 2551 jam
654 2468 818 2551 procedere
833 2481 957 2552 possunt

222 2562 358 2646 Longius
370 2585 380 2641 3
403 2583 444 2627 ex
458 2564 516 2627 illis
530 2586 617 2643 unus,
634 2587 670 2628 en
687 2567 771 2643 alter,
787 2567 846 2630 ait:

180 2663 243 2725 {At
258 2663 348 2748 quiun
362 2677 431 2726 sunt
445 2662 576 2726 similes!
600 2677 630 2726 at
645 2666 734 2748 quim
749 2664 893 2728 fonnosus
907 2663 1052 2752 uterque!

222 2759 297 2825 Plus
311 2775 412 2825 temen
427 2783 466 2825 ex
483 2761 538 2830 illis
553 2762 608 2825 iste
624 2763 730 2846 vigoris
745 2763 846 2826 habet.

180 2859 212 2924 si
227 2881 322 2942 genus
337 2861 468 2944 arguitur
482 2861 583 2938 vultu3
609 2860 653 2950 (ni
669 2861 741 2924 sellit
756 2861 868 2950 imago)

222 2955 335 3021 Nescio
351 2981 441 3044 quern
458 2960 540 3024 vobis
556 2960 689 3044 suspicor
703 2982 768 3023 esse
784 2961 884 3024 deum.

179 3060 263 3123 At'si
279 3063 344 3144 quis
360 3074 463 3124 vestrae
479 3061 553 3124 deus
568 3075 648 3125 esset
662 3064 780 3146 originis
796 3078 917 3143 auctor3

223 3156 258 3219 ln
273 3171 334 3221 tem
349 3158 492 3242 precipiti
507 3161 642 3243 tempore
658 3161 746 3224 ferret
761 3183 862 3246 opem.

179 3253 286 3318 Ferret
301 3276 390 3340 opem
405 3257 498 3333 certe,
513 3256 537 3320 si
552 3280 611 3320 non
626 3279 685 3342 ope
699 3274 795 3323 mater
810 3275 928 3344 egeret:

224 3351 303 3426 Quae
318 3353 395 3417 sactu
408 3368 454 3417 est
468 3377 529 3418 uno
543 3371 638 3420 mater
652 3371 683 3420 et
698 3359 771 3422 orba
786 3359 845 3422 dic.

179 3449 260 3516 Nutu
273 3450 371 3530 simul,
387 3453 515 3536 periture
529 3455 627 3532 simul,
642 3456 728 3519 simul
743 3458 784 3519 ite
799 3458 853 3520 sub
868 3457 963 3522 undas

222 3547 381 3634 Corpora!
426 3551 584 3631 Desiemt3
607 3553 804 3640 deposuitque
819 3557 895 3618 sinu.

179 3640 345 3728 Vugienmt
358 3648 488 3714 clamore
503 3651 584 3736 peri:
607 3653 715 3716 sentire
730 3668 860 3738 putares.
