<?xml version="1.0" encoding="UTF-8"?>
<!DOCTYPE html PUBLIC "-//W3C//DTD XHTML 1.0 Transitional//EN"
    "http://www.w3.org/TR/xhtml1/DTD/xhtml1-transitional.dtd">
<html xmlns="http://www.w3.org/1999/xhtml" xml:lang="en" lang="en">
 <head>
  <title>
</title>
<meta http-equiv="Content-Type" content="text/html;charset=utf-8" />
  <meta name='ocr-system' content='tesseract 3.04.00' />
  <meta name='ocr-capabilities' content='ocr_page ocr_carea ocr_par ocr_line ocrx_word'/>
</head>
<body>
  <div class='ocr_page' id='page_1' title='image "./excerptaexscrip01ovidgoog_0148.png"; bbox 0 0 2568 4248; ppageno 0'>
   <div class='ocr_carea' id='block_1_1' title="bbox 165 355 825 418">
    <p class='ocr_par' dir='ltr' id='par_1_1' title="bbox 165 355 825 418">
     <span class='ocr_line' id='line_1_1' title="bbox 165 355 825 418; baseline -0.003 -2"><span class='ocrx_word' id='word_1_1' title='bbox 165 355 225 418; x_wconf 79' lang='lat'>136</span> <span class='ocrx_word' id='word_1_2' title='bbox 469 361 825 416; x_wconf 76' lang='lat' dir='ltr'>urrauosruosaort.</span> 
     </span>
    </p>
   </div>
   <div class='ocr_carea' id='block_1_2' title="bbox 54 511 1140 3623">
    <p class='ocr_par' dir='ltr' id='par_1_2' title="bbox 54 511 1140 3623">
     <span class='ocr_line' id='line_1_2' title="bbox 161 511 859 597; baseline 0.001 -20"><span class='ocrx_word' id='word_1_3' title='bbox 161 511 242 577; x_wconf 82' lang='lat' dir='ltr'>ctm</span> <span class='ocrx_word' id='word_1_4' title='bbox 257 533 370 576; x_wconf 89' lang='lat' dir='ltr'>mernor</span> <span class='ocrx_word' id='word_1_5' title='bbox 384 513 436 576; x_wconf 91' lang='lat' dir='ltr'>has</span> <span class='ocrx_word' id='word_1_6' title='bbox 451 513 536 597; x_wconf 87' lang='lat' dir='ltr'><strong>pinus</strong></span> <span class='ocrx_word' id='word_1_7' title='bbox 551 512 632 576; x_wconf 76' lang='lat' dir='ltr'>Ideo</span> <span class='ocrx_word' id='word_1_8' title='bbox 647 514 756 578; x_wconf 87' lang='lat' dir='ltr'>vertice</span> <span class='ocrx_word' id='word_1_9' title='bbox 770 536 859 578; x_wconf 87' lang='lat' dir='ltr'>caesas</span> 
     </span>
     <span class='ocr_line' id='line_1_3' title="bbox 160 607 863 696; baseline 0.004 -23"><span class='ocrx_word' id='word_1_10' title='bbox 160 607 270 673; x_wconf 87' lang='lat' dir='ltr'>Sancta</span> <span class='ocrx_word' id='word_1_11' title='bbox 284 609 373 672; x_wconf 78' lang='lat' dir='ltr'>delun</span> <span class='ocrx_word' id='word_1_12' title='bbox 388 611 524 694; x_wconf 81' lang='lat' dir='ltr'><strong>genitrix,</strong></span> <span class='ocrx_word' id='word_1_13' title='bbox 539 611 690 674; x_wconf 84' lang='lat' dir='ltr'>tinnitibus</span> <span class='ocrx_word' id='word_1_14' title='bbox 705 615 774 674; x_wconf 80' lang='lat' dir='ltr'>ae&#39;ra</span> <span class='ocrx_word' id='word_1_15' title='bbox 789 613 863 696; x_wconf 91' lang='lat' dir='ltr'>pulsi</span> 
     </span>
     <span class='ocr_line' id='line_1_4' title="bbox 160 705 839 796; baseline 0.003 -26"><span class='ocrx_word' id='word_1_16' title='bbox 160 705 251 785; x_wconf 82' lang='lat' dir='ltr'>AEris,</span> <span class='ocrx_word' id='word_1_17' title='bbox 266 720 297 770; x_wconf 87' lang='lat' dir='ltr'>et</span> <span class='ocrx_word' id='word_1_18' title='bbox 310 707 401 771; x_wconf 87' lang='lat' dir='ltr'>inflati</span> <span class='ocrx_word' id='word_1_19' title='bbox 416 708 577 791; x_wconf 89' lang='lat' dir='ltr'>complevit</span> <span class='ocrx_word' id='word_1_20' title='bbox 592 730 741 796; x_wconf 80' lang='lat' dir='ltr'>murmure</span> <span class='ocrx_word' id='word_1_21' title='bbox 756 710 839 772; x_wconf 85' lang='lat' dir='ltr'>buxi.</span> 
     </span>
     <span class='ocr_line' id='line_1_5' title="bbox 159 801 1140 888; baseline 0.005 -21"><span class='ocrx_word' id='word_1_22' title='bbox 159 801 280 888; x_wconf 83' lang='lat' dir='ltr'>Perque</span> <span class='ocrx_word' id='word_1_23' title='bbox 294 804 377 868; x_wconf 92' lang='lat' dir='ltr'>leves</span> <span class='ocrx_word' id='word_1_24' title='bbox 392 805 507 868; x_wconf 89' lang='lat' dir='ltr'>domitis</span> <span class='ocrx_word' id='word_1_25' title='bbox 522 805 640 868; x_wconf 88' lang='lat' dir='ltr'>invecta</span> <span class='ocrx_word' id='word_1_26' title='bbox 653 806 787 869; x_wconf 90' lang='lat' dir='ltr'>leonibus</span> <span class='ocrx_word' id='word_1_27' title='bbox 803 829 897 886; x_wconf 91' lang='lat' dir='ltr'>auras,</span> <span class='ocrx_word' id='word_1_28' title='bbox 1097 816 1140 878; x_wconf 83' lang='grc'>30</span> 
     </span>
     <span class='ocr_line' id='line_1_6' title="bbox 160 897 803 984; baseline 0.003 -24"><span class='ocrx_word' id='word_1_29' title='bbox 160 897 262 962; x_wconf 88' lang='lat' dir='ltr'>‘Irrita</span> <span class='ocrx_word' id='word_1_30' title='bbox 276 899 418 983; x_wconf 72' lang='lat' dir='ltr'>sacrilegi</span> <span class='ocrx_word' id='word_1_31' title='bbox 428 899 523 984; x_wconf 87' lang='lat' dir='ltr'>jactas</span> <span class='ocrx_word' id='word_1_32' title='bbox 538 901 673 963; x_wconf 83' lang='lat' dir='ltr'>incendia</span> <span class='ocrx_word' id='word_1_33' title='bbox 687 901 803 979; x_wconf 70' lang='lat' dir='ltr'>dextra,</span> 
     </span>
     <span class='ocr_line' id='line_1_7' title="bbox 159 995 1036 1082; baseline 0.008 -22"><span class='ocrx_word' id='word_1_34' title='bbox 159 995 285 1075; x_wconf 88' lang='lat' dir='ltr'>Tume‚&#39;</span> <span class='ocrx_word' id='word_1_35' title='bbox 301 999 351 1061; x_wconf 86' lang='lat' dir='ltr'>eit.</span> <span class='ocrx_word' id='word_1_36' title='bbox 397 996 567 1082; x_wconf 82' lang='lat' dir='ltr'>‘Eripiam3</span> <span class='ocrx_word' id='word_1_37' title='bbox 589 1019 655 1076; x_wconf 89' lang='lat' dir='ltr'>nec,</span> <span class='ocrx_word' id='word_1_38' title='bbox 671 1021 720 1060; x_wconf 87' lang='lat' dir='ltr'>mc</span> <span class='ocrx_word' id='word_1_39' title='bbox 735 999 877 1082; x_wconf 89' lang='lat' dir='ltr'>patiente,</span> <span class='ocrx_word' id='word_1_40' title='bbox 891 1003 1036 1067; x_wconf 84' lang='lat' dir='ltr'>cremabit</span> 
     </span>
     <span class='ocr_line' id='line_1_8' title="bbox 159 1093 972 1180; baseline 0.005 -22"><span class='ocrx_word' id='word_1_41' title='bbox 159 1093 240 1178; x_wconf 91' lang='lat' dir='ltr'>Ignis</span> <span class='ocrx_word' id='word_1_42' title='bbox 254 1096 333 1160; x_wconf 81' lang='lat' dir='ltr'>edax</span> <span class='ocrx_word' id='word_1_43' title='bbox 346 1117 500 1159; x_wconf 90' lang='lat' dir='ltr'>nemorum</span> <span class='ocrx_word' id='word_1_44' title='bbox 515 1109 612 1180; x_wconf 89' lang='lat' dir='ltr'>partes</span> <span class='ocrx_word' id='word_1_45' title='bbox 627 1109 657 1160; x_wconf 88' lang='lat' dir='ltr'>et</span> <span class='ocrx_word' id='word_1_46' title='bbox 671 1097 803 1160; x_wconf 90' lang='lat' dir='ltr'>membra</span> <span class='ocrx_word' id='word_1_47' title='bbox 817 1100 972 1162; x_wconf 73' lang='lat' dir='ltr'>meorum.²</span> 
     </span>
     <span class='ocr_line' id='line_1_9' title="bbox 159 1191 836 1278; baseline 0 -21"><span class='ocrx_word' id='word_1_48' title='bbox 159 1191 289 1257; x_wconf 87' lang='lat' dir='ltr'>Intonuit</span> <span class='ocrx_word' id='word_1_49' title='bbox 304 1194 421 1256; x_wconf 85' lang='lat' dir='ltr'>dicente</span> <span class='ocrx_word' id='word_1_50' title='bbox 435 1193 509 1256; x_wconf 76' lang='lat' dir='ltr'>ded:</span> <span class='ocrx_word' id='word_1_51' title='bbox 532 1194 728 1278; x_wconf 84' lang='lat' dir='ltr'>tonitrumque</span> <span class='ocrx_word' id='word_1_52' title='bbox 743 1195 836 1263; x_wconf 85' lang='lat' dir='ltr'>secuti</span> 
     </span>
     <span class='ocr_line' id='line_1_10' title="bbox 159 1293 1138 1378; baseline 0.005 -19"><span class='ocrx_word' id='word_1_53' title='bbox 159 1293 242 1360; x_wconf 89' lang='lat' dir='ltr'>Cum</span> <span class='ocrx_word' id='word_1_54' title='bbox 257 1295 378 1358; x_wconf 82' lang='lat' dir='ltr'>saliente</span> <span class='ocrx_word' id='word_1_55' title='bbox 393 1316 496 1378; x_wconf 87' lang='lat' dir='ltr'>graves</span> <span class='ocrx_word' id='word_1_56' title='bbox 510 1294 679 1357; x_wconf 87' lang='lat' dir='ltr'>ceciderunt</span> <span class='ocrx_word' id='word_1_57' title='bbox 693 1295 833 1376; x_wconf 84' lang='lat' dir='ltr'>grandine</span> <span class='ocrx_word' id='word_1_58' title='bbox 847 1295 954 1360; x_wconf 88' lang='lat' dir='ltr'>nimbi:</span> <span class='ocrx_word' id='word_1_59' title='bbox 1093 1303 1138 1364; x_wconf 78' lang='lat'>³5</span> 
     </span>
     <span class='ocr_line' id='line_1_11' title="bbox 157 1392 944 1479; baseline 0.005 -23"><span class='ocrx_word' id='word_1_60' title='bbox 157 1392 309 1477; x_wconf 83' lang='lat' dir='ltr'>A&#39;e‘raque,</span> <span class='ocrx_word' id='word_1_61' title='bbox 324 1407 355 1456; x_wconf 89' lang='lat' dir='ltr'>et</span> <span class='ocrx_word' id='word_1_62' title='bbox 369 1393 470 1455; x_wconf 91' lang='lat' dir='ltr'>subitis</span> <span class='ocrx_word' id='word_1_63' title='bbox 483 1392 629 1454; x_wconf 89' lang='lat' dir='ltr'>tumidum</span> <span class='ocrx_word' id='word_1_64' title='bbox 644 1392 830 1456; x_wconf 82' lang='lat' dir='ltr'>concursibus</span> <span class='ocrx_word' id='word_1_65' title='bbox 845 1415 944 1479; x_wconf 86' lang='lat' dir='ltr'>aequor</span> 
     </span>
     <span class='ocr_line' id='line_1_12' title="bbox 158 1488 840 1572; baseline -0.003 -19"><span class='ocrx_word' id='word_1_66' title='bbox 158 1490 265 1553; x_wconf 83' lang='lat' dir='ltr'>Astraei</span> <span class='ocrx_word' id='word_1_67' title='bbox 279 1490 405 1566; x_wconf 90' lang='lat' dir='ltr'>turbant,</span> <span class='ocrx_word' id='word_1_68' title='bbox 422 1503 452 1552; x_wconf 94' lang='lat' dir='ltr'>et</span> <span class='ocrx_word' id='word_1_69' title='bbox 467 1503 538 1551; x_wconf 88' lang='lat' dir='ltr'>eunt</span> <span class='ocrx_word' id='word_1_70' title='bbox 553 1489 583 1551; x_wconf 91' lang='lat' dir='ltr'>in</span> <span class='ocrx_word' id='word_1_71' title='bbox 599 1489 712 1572; x_wconf 86' lang='lat' dir='ltr'>proelia,</span> <span class='ocrx_word' id='word_1_72' title='bbox 729 1488 840 1552; x_wconf 81' lang='lat' dir='ltr'>fratres.</span> 
     </span>
     <span class='ocr_line' id='line_1_13' title="bbox 158 1585 831 1670; baseline 0 -20"><span class='ocrx_word' id='word_1_73' title='bbox 158 1585 188 1650; x_wconf 83' lang='lat' dir='ltr'>E</span> <span class='ocrx_word' id='word_1_74' title='bbox 203 1587 308 1670; x_wconf 88' lang='lat' dir='ltr'>quibus</span> <span class='ocrx_word' id='word_1_75' title='bbox 323 1587 400 1649; x_wconf 87' lang='lat' dir='ltr'>elma</span> <span class='ocrx_word' id='word_1_76' title='bbox 414 1607 531 1670; x_wconf 87' lang='lat' dir='ltr'>parcns,</span> <span class='ocrx_word' id='word_1_77' title='bbox 545 1587 631 1648; x_wconf 90' lang='lat' dir='ltr'>unius</span> <span class='ocrx_word' id='word_1_78' title='bbox 646 1587 754 1649; x_wconf 88' lang='lat' dir='ltr'>viribus</span> <span class='ocrx_word' id='word_1_79' title='bbox 769 1610 831 1664; x_wconf 89' lang='lat' dir='ltr'>usa,</span> 
     </span>
     <span class='ocr_line' id='line_1_14' title="bbox 157 1683 914 1768; baseline 0.001 -21"><span class='ocrx_word' id='word_1_80' title='bbox 157 1683 273 1767; x_wconf 88' lang='lat' dir='ltr'>Stupea</span> <span class='ocrx_word' id='word_1_81' title='bbox 287 1684 455 1768; x_wconf 70' lang='lat' dir='ltr'>prorumpit</span> <span class='ocrx_word' id='word_1_82' title='bbox 470 1683 609 1767; x_wconf 79' lang='lat' dir='ltr'>Phrygiae</span> <span class='ocrx_word' id='word_1_83' title='bbox 624 1685 784 1747; x_wconf 88' lang='lat' dir='ltr'>retinacula</span> <span class='ocrx_word' id='word_1_84' title='bbox 797 1685 914 1748; x_wconf 88' lang='lat' dir='ltr'>classis:</span> 
     </span>
     <span class='ocr_line' id='line_1_15' title="bbox 156 1778 1135 1868; baseline 0.004 -24"><span class='ocrx_word' id='word_1_85' title='bbox 156 1778 289 1866; x_wconf 87' lang='lat' dir='ltr'>Fertque</span> <span class='ocrx_word' id='word_1_86' title='bbox 304 1795 381 1844; x_wconf 89' lang='lat' dir='ltr'>rates</span> <span class='ocrx_word' id='word_1_87' title='bbox 396 1803 513 1865; x_wconf 88' lang='lat' dir='ltr'>pronas,</span> <span class='ocrx_word' id='word_1_88' title='bbox 529 1781 685 1866; x_wconf 90' lang='lat' dir='ltr'>medioque</span> <span class='ocrx_word' id='word_1_89' title='bbox 700 1783 754 1844; x_wconf 94' lang='lat' dir='ltr'>sub</span> <span class='ocrx_word' id='word_1_90' title='bbox 769 1804 883 1866; x_wconf 75' lang='lat' dir='ltr'>aequore</span> <span class='ocrx_word' id='word_1_91' title='bbox 897 1785 1014 1868; x_wconf 84' lang='lat' dir='ltr'>mergit.</span> <span class='ocrx_word' id='word_1_92' title='bbox 1090 1791 1135 1853; x_wconf 89' lang='grc'>40</span> 
     </span>
     <span class='ocr_line' id='line_1_16' title="bbox 156 1876 860 1964; baseline 0.001 -22"><span class='ocrx_word' id='word_1_93' title='bbox 156 1876 279 1943; x_wconf 86' lang='lat' dir='ltr'>Robore</span> <span class='ocrx_word' id='word_1_94' title='bbox 293 1880 416 1956; x_wconf 89' lang='lat' dir='ltr'>mollito,</span> <span class='ocrx_word' id='word_1_95' title='bbox 431 1880 568 1964; x_wconf 85' lang='lat' dir='ltr'>lignoque</span> <span class='ocrx_word' id='word_1_96' title='bbox 583 1879 612 1942; x_wconf 88' lang='lat' dir='ltr'>in</span> <span class='ocrx_word' id='word_1_97' title='bbox 627 1899 750 1963; x_wconf 91' lang='lat' dir='ltr'>corpora</span> <span class='ocrx_word' id='word_1_98' title='bbox 765 1901 860 1958; x_wconf 88' lang='lat' dir='ltr'>verso,</span> 
     </span>
     <span class='ocr_line' id='line_1_17' title="bbox 156 1973 906 2062; baseline 0.003 -22"><span class='ocrx_word' id='word_1_99' title='bbox 156 1973 192 2040; x_wconf 90' lang='lat' dir='ltr'>ln</span> <span class='ocrx_word' id='word_1_100' title='bbox 207 1978 339 2062; x_wconf 90' lang='lat' dir='ltr'>capitum</span> <span class='ocrx_word' id='word_1_101' title='bbox 353 1976 459 2040; x_wconf 83' lang='lat' dir='ltr'>faciem</span> <span class='ocrx_word' id='word_1_102' title='bbox 474 1998 590 2060; x_wconf 88' lang='lat' dir='ltr'>puppes</span> <span class='ocrx_word' id='word_1_103' title='bbox 605 1989 753 2040; x_wconf 85' lang='lat' dir='ltr'>mutantur</span> <span class='ocrx_word' id='word_1_104' title='bbox 767 1979 906 2042; x_wconf 84' lang='lat' dir='ltr'>aduncae:</span> 
     </span>
     <span class='ocr_line' id='line_1_18' title="bbox 155 2073 852 2158; baseline 0.003 -20"><span class='ocrx_word' id='word_1_105' title='bbox 155 2073 191 2138; x_wconf 89' lang='lat' dir='ltr'>lu</span> <span class='ocrx_word' id='word_1_106' title='bbox 207 2075 312 2158; x_wconf 91' lang='lat' dir='ltr'>digitos</span> <span class='ocrx_word' id='word_1_107' title='bbox 327 2076 447 2152; x_wconf 87' lang='lat' dir='ltr'>abeunt,</span> <span class='ocrx_word' id='word_1_108' title='bbox 463 2088 494 2138; x_wconf 88' lang='lat' dir='ltr'>et</span> <span class='ocrx_word' id='word_1_109' title='bbox 508 2096 592 2137; x_wconf 89' lang='lat' dir='ltr'>crura</span> <span class='ocrx_word' id='word_1_110' title='bbox 606 2075 745 2152; x_wconf 87' lang='lat' dir='ltr'>natantia,</span> <span class='ocrx_word' id='word_1_111' title='bbox 759 2076 852 2140; x_wconf 88' lang='lat' dir='ltr'>remi:</span> 
     </span>
     <span class='ocr_line' id='line_1_19' title="bbox 154 2172 987 2259; baseline 0.004 -23"><span class='ocrx_word' id='word_1_112' title='bbox 154 2172 309 2259; x_wconf 84' lang='lat' dir='ltr'>Quodque</span> <span class='ocrx_word' id='word_1_113' title='bbox 324 2173 404 2259; x_wconf 74' lang='lat' dir='ltr'>priris</span> <span class='ocrx_word' id='word_1_114' title='bbox 419 2172 523 2250; x_wconf 89' lang='lat' dir='ltr'>suerat,</span> <span class='ocrx_word' id='word_1_115' title='bbox 538 2174 613 2236; x_wconf 87' lang='lat' dir='ltr'>latus</span> <span class='ocrx_word' id='word_1_116' title='bbox 628 2186 689 2237; x_wconf 90' lang='lat' dir='ltr'>est:</span> <span class='ocrx_word' id='word_1_117' title='bbox 712 2174 875 2259; x_wconf 87' lang='lat' dir='ltr'>mediisque</span> <span class='ocrx_word' id='word_1_118' title='bbox 889 2175 987 2239; x_wconf 85' lang='lat' dir='ltr'>carina</span> 
     </span>
     <span class='ocr_line' id='line_1_20' title="bbox 154 2270 1132 2354; baseline 0.001 -20"><span class='ocrx_word' id='word_1_119' title='bbox 154 2271 278 2335; x_wconf 84' lang='lat' dir='ltr'>Subdita</span> <span class='ocrx_word' id='word_1_120' title='bbox 292 2271 425 2354; x_wconf 87' lang='lat' dir='ltr'>navigiis,</span> <span class='ocrx_word' id='word_1_121' title='bbox 441 2271 531 2354; x_wconf 84' lang='lat' dir='ltr'>spinae</span> <span class='ocrx_word' id='word_1_122' title='bbox 546 2284 675 2335; x_wconf 89' lang='lat' dir='ltr'>mutatur</span> <span class='ocrx_word' id='word_1_123' title='bbox 688 2270 718 2333; x_wconf 88' lang='lat' dir='ltr'>in</span> <span class='ocrx_word' id='word_1_124' title='bbox 733 2292 829 2334; x_wconf 89' lang='lat' dir='ltr'>usum.</span> <span class='ocrx_word' id='word_1_125' title='bbox 943 2336 949 2348; x_wconf 72' lang='grc'><em>,</em></span> <span class='ocrx_word' id='word_1_126' title='bbox 1087 2278 1132 2341; x_wconf 79' lang='grc'>45</span> 
     </span>
     <span class='ocr_line' id='line_1_21' title="bbox 152 2367 844 2445; baseline -0.003 -13"><span class='ocrx_word' id='word_1_127' title='bbox 152 2367 232 2432; x_wconf 90' lang='lat' dir='ltr'>Lina</span> <span class='ocrx_word' id='word_1_128' title='bbox 245 2391 337 2432; x_wconf 75' lang='lat' dir='ltr'>comae</span> <span class='ocrx_word' id='word_1_129' title='bbox 353 2369 467 2445; x_wconf 89' lang='lat' dir='ltr'>molles,</span> <span class='ocrx_word' id='word_1_130' title='bbox 483 2381 616 2430; x_wconf 85' lang='lat' dir='ltr'>antennae</span> <span class='ocrx_word' id='word_1_131' title='bbox 631 2368 748 2431; x_wconf 89' lang='lat' dir='ltr'>brachia</span> <span class='ocrx_word' id='word_1_132' title='bbox 762 2369 844 2431; x_wconf 87' lang='lat' dir='ltr'>liunt.</span> 
     </span>
     <span class='ocr_line' id='line_1_22' title="bbox 152 2464 1069 2550; baseline 0.003 -20"><span class='ocrx_word' id='word_1_133' title='bbox 152 2464 299 2543; x_wconf 84' lang='lat' dir='ltr'>Caerulus,</span> <span class='ocrx_word' id='word_1_134' title='bbox 313 2479 346 2527; x_wconf 94' lang='lat' dir='ltr'>ut</span> <span class='ocrx_word' id='word_1_135' title='bbox 361 2464 465 2541; x_wconf 83' lang='lat' dir='ltr'>suerat,</span> <span class='ocrx_word' id='word_1_136' title='bbox 480 2464 561 2527; x_wconf 87' lang='lat' dir='ltr'>color</span> <span class='ocrx_word' id='word_1_137' title='bbox 575 2479 629 2527; x_wconf 92' lang='lat' dir='ltr'>est.</span> <span class='ocrx_word' id='word_1_138' title='bbox 675 2464 820 2550; x_wconf 86' lang='lat' dir='ltr'>Quasque</span> <span class='ocrx_word' id='word_1_139' title='bbox 835 2466 903 2530; x_wconf 73' lang='lat' dir='ltr'>ante</span> <span class='ocrx_word' id='word_1_140' title='bbox 918 2467 1069 2548; x_wconf 84' lang='lat' dir='ltr'>timebant,</span> 
     </span>
     <span class='ocr_line' id='line_1_23' title="bbox 152 2562 765 2646; baseline 0 -19"><span class='ocrx_word' id='word_1_141' title='bbox 152 2562 222 2627; x_wconf 91' lang='lat' dir='ltr'>Illas</span> <span class='ocrx_word' id='word_1_142' title='bbox 238 2563 375 2646; x_wconf 87' lang='lat' dir='ltr'>virgineis</span> <span class='ocrx_word' id='word_1_143' title='bbox 391 2575 533 2625; x_wconf 87' lang='lat' dir='ltr'>exercent</span> <span class='ocrx_word' id='word_1_144' title='bbox 547 2563 657 2626; x_wconf 91' lang='lat' dir='ltr'>lusibus</span> <span class='ocrx_word' id='word_1_145' title='bbox 672 2565 765 2626; x_wconf 86' lang='lat' dir='ltr'>undas</span> 
     </span>
     <span class='ocr_line' id='line_1_24' title="bbox 151 2659 893 2747; baseline -0.003 -21"><span class='ocrx_word' id='word_1_146' title='bbox 151 2659 267 2726; x_wconf 80' lang='lat' dir='ltr'>Naides</span> <span class='ocrx_word' id='word_1_147' title='bbox 283 2681 442 2747; x_wconf 85' lang='lat' dir='ltr'>aequoreae:</span> <span class='ocrx_word' id='word_1_148' title='bbox 466 2660 602 2744; x_wconf 89' lang='lat' dir='ltr'>durisque</span> <span class='ocrx_word' id='word_1_149' title='bbox 618 2660 646 2723; x_wconf 89' lang='lat' dir='ltr'>in</span> <span class='ocrx_word' id='word_1_150' title='bbox 662 2662 809 2724; x_wconf 90' lang='lat' dir='ltr'>montibus</span> <span class='ocrx_word' id='word_1_151' title='bbox 824 2675 893 2725; x_wconf 86' lang='lat' dir='ltr'>ortae</span> 
     </span>
     <span class='ocr_line' id='line_1_25' title="bbox 150 2759 1131 2843; baseline -0.003 -18"><span class='ocrx_word' id='word_1_152' title='bbox 150 2759 247 2826; x_wconf 90' lang='lat' dir='ltr'>Molle</span> <span class='ocrx_word' id='word_1_153' title='bbox 261 2760 368 2838; x_wconf 84' lang='lat' dir='ltr'>fretum</span> <span class='ocrx_word' id='word_1_154' title='bbox 383 2760 552 2824; x_wconf 88' lang='lat' dir='ltr'>celebrant:</span> <span class='ocrx_word' id='word_1_155' title='bbox 575 2781 632 2822; x_wconf 87' lang='lat' dir='ltr'>neo</span> <span class='ocrx_word' id='word_1_156' title='bbox 647 2781 696 2822; x_wconf 86' lang='lat' dir='ltr'>eas</span> <span class='ocrx_word' id='word_1_157' title='bbox 711 2781 765 2822; x_wconf 91' lang='lat' dir='ltr'>sua</span> <span class='ocrx_word' id='word_1_158' title='bbox 778 2761 871 2842; x_wconf 88' lang='lat' dir='ltr'>tangit</span> <span class='ocrx_word' id='word_1_159' title='bbox 885 2760 975 2843; x_wconf 88' lang='lat' dir='ltr'>origo.</span> <span class='ocrx_word' id='word_1_160' title='bbox 1083 2765 1131 2828; x_wconf 83' lang='lat'>50</span> 
     </span>
     <span class='ocr_line' id='line_1_26' title="bbox 151 2857 923 2944; baseline -0.013 -20"><span class='ocrx_word' id='word_1_161' title='bbox 151 2858 222 2944; x_wconf 88' lang='lat' dir='ltr'>Non</span> <span class='ocrx_word' id='word_1_162' title='bbox 238 2875 337 2924; x_wconf 89' lang='lat' dir='ltr'>tamen</span> <span class='ocrx_word' id='word_1_163' title='bbox 352 2859 460 2936; x_wconf 79' lang='lat' dir='ltr'>oblita,</span> <span class='ocrx_word' id='word_1_164' title='bbox 477 2859 566 2942; x_wconf 73' lang='lat' dir='ltr'>quam</span> <span class='ocrx_word' id='word_1_165' title='bbox 581 2857 673 2920; x_wconf 88' lang='lat' dir='ltr'>multa</span> <span class='ocrx_word' id='word_1_166' title='bbox 686 2857 817 2940; x_wconf 88' lang='lat' dir='ltr'>pericula</span> <span class='ocrx_word' id='word_1_167' title='bbox 832 2878 923 2921; x_wconf 85' lang='lat' dir='ltr'>saevo.</span> 
     </span>
     <span class='ocr_line' id='line_1_27' title="bbox 150 2955 803 3040; baseline -0.006 -20"><span class='ocrx_word' id='word_1_168' title='bbox 150 2955 331 3020; x_wconf 87' lang='lat' dir='ltr'>Pertulerint</span> <span class='ocrx_word' id='word_1_169' title='bbox 346 2957 462 3038; x_wconf 87' lang='lat' dir='ltr'>pelago,</span> <span class='ocrx_word' id='word_1_170' title='bbox 473 2956 591 3040; x_wconf 85' lang='lat' dir='ltr'>jactatis</span> <span class='ocrx_word' id='word_1_171' title='bbox 606 2976 684 3038; x_wconf 86' lang='lat' dir='ltr'>saepe</span> <span class='ocrx_word' id='word_1_172' title='bbox 698 2955 803 3017; x_wconf 84' lang='lat' dir='ltr'>carinis</span> 
     </span>
     <span class='ocr_line' id='line_1_28' title="bbox 149 3051 971 3135; baseline 0.004 -21"><span class='ocrx_word' id='word_1_173' title='bbox 149 3053 343 3135; x_wconf 70' lang='lat' dir='ltr'>supposuere</span> <span class='ocrx_word' id='word_1_174' title='bbox 359 3073 480 3114; x_wconf 89' lang='lat' dir='ltr'>manus:</span> <span class='ocrx_word' id='word_1_175' title='bbox 503 3051 597 3113; x_wconf 90' lang='lat' dir='ltr'>nisisi</span> <span class='ocrx_word' id='word_1_176' title='bbox 613 3072 671 3134; x_wconf 91' lang='lat' dir='ltr'>qua</span> <span class='ocrx_word' id='word_1_177' title='bbox 685 3052 813 3114; x_wconf 87' lang='lat' dir='ltr'>vehebat</span> <span class='ocrx_word' id='word_1_178' title='bbox 827 3053 971 3117; x_wconf 85' lang='lat' dir='ltr'>Achivos.</span> 
     </span>
     <span class='ocr_line' id='line_1_29' title="bbox 149 3147 964 3235; baseline 0.002 -23"><span class='ocrx_word' id='word_1_179' title='bbox 149 3147 252 3212; x_wconf 89' lang='lat' dir='ltr'>Cladis</span> <span class='ocrx_word' id='word_1_180' title='bbox 266 3148 364 3211; x_wconf 87' lang='lat' dir='ltr'>adhuc</span> <span class='ocrx_word' id='word_1_181' title='bbox 378 3148 517 3230; x_wconf 85' lang='lat' dir='ltr'>Phrygiae</span> <span class='ocrx_word' id='word_1_182' title='bbox 532 3168 689 3225; x_wconf 91' lang='lat' dir='ltr'>memores,</span> <span class='ocrx_word' id='word_1_183' title='bbox 705 3149 795 3212; x_wconf 71' lang='lat' dir='ltr'>odere</span> <span class='ocrx_word' id='word_1_184' title='bbox 811 3149 964 3235; x_wconf 84' lang='lat' dir='ltr'>Pelasgos.</span> 
     </span>
     <span class='ocr_line' id='line_1_30' title="bbox 191 3243 1129 3330; baseline 0.009 -22"><span class='ocrx_word' id='word_1_185' title='bbox 191 3246 268 3330; x_wconf 91' lang='lat' dir='ltr'>Spes</span> <span class='ocrx_word' id='word_1_186' title='bbox 283 3259 355 3323; x_wconf 89' lang='lat' dir='ltr'>erat,</span> <span class='ocrx_word' id='word_1_187' title='bbox 370 3246 398 3309; x_wconf 93' lang='lat' dir='ltr'>in</span> <span class='ocrx_word' id='word_1_188' title='bbox 415 3245 563 3329; x_wconf 88' lang='lat' dir='ltr'>nymphas</span> <span class='ocrx_word' id='word_1_189' title='bbox 578 3243 705 3308; x_wconf 76' lang='lat' dir='ltr'>animatia</span> <span class='ocrx_word' id='word_1_190' title='bbox 719 3245 812 3309; x_wconf 87' lang='lat' dir='ltr'>classe</span> <span class='ocrx_word' id='word_1_191' title='bbox 827 3249 962 3327; x_wconf 86' lang='lat' dir='ltr'>marinas,</span> <span class='ocrx_word' id='word_1_192' title='bbox 1083 3253 1129 3316; x_wconf 84' lang='lat'>55</span> 
     </span>
     <span class='ocr_line' id='line_1_31' title="bbox 147 3342 895 3412; baseline -0.003 -2"><span class='ocrx_word' id='word_1_193' title='bbox 147 3343 241 3412; x_wconf 90' lang='lat' dir='ltr'>Posse</span> <span class='ocrx_word' id='word_1_194' title='bbox 256 3355 338 3406; x_wconf 90' lang='lat' dir='ltr'>metu</span> <span class='ocrx_word' id='word_1_195' title='bbox 353 3343 473 3406; x_wconf 87' lang='lat' dir='ltr'>monstri</span> <span class='ocrx_word' id='word_1_196' title='bbox 488 3343 635 3405; x_wconf 90' lang='lat' dir='ltr'>Rutulum</span> <span class='ocrx_word' id='word_1_197' title='bbox 651 3342 791 3408; x_wconf 86' lang='lat' dir='ltr'>desistere</span> <span class='ocrx_word' id='word_1_198' title='bbox 806 3345 895 3408; x_wconf 84' lang='lat' dir='ltr'>bello.</span> 
     </span>
     <span class='ocr_line' id='line_1_32' title="bbox 146 3440 1038 3525; baseline 0 -19"><span class='ocrx_word' id='word_1_199' title='bbox 146 3443 275 3519; x_wconf 86' lang='lat' dir='ltr'>Perstat,</span> <span class='ocrx_word' id='word_1_200' title='bbox 290 3441 438 3524; x_wconf 85' lang='lat' dir='ltr'>habetque</span> <span class='ocrx_word' id='word_1_201' title='bbox 454 3440 526 3502; x_wconf 90' lang='lat' dir='ltr'>deos</span> <span class='ocrx_word' id='word_1_202' title='bbox 541 3462 607 3524; x_wconf 90' lang='lat' dir='ltr'>pars</span> <span class='ocrx_word' id='word_1_203' title='bbox 623 3453 763 3524; x_wconf 88' lang='lat' dir='ltr'>utraque:</span> <span class='ocrx_word' id='word_1_204' title='bbox 788 3441 897 3525; x_wconf 88' lang='lat' dir='ltr'>quique</span> <span class='ocrx_word' id='word_1_205' title='bbox 914 3443 1038 3508; x_wconf 88' lang='lat' dir='ltr'>deorum</span> 
     </span>
     <span class='ocr_line' id='line_1_33' title="bbox 54 3523 936 3623; baseline 0.002 -21"><span class='ocrx_word' id='word_1_206' title='bbox 54 3523 62 3538; x_wconf 58' lang='grc'><strong>’</strong></span> <span class='ocrx_word' id='word_1_207' title='bbox 145 3539 250 3615; x_wconf 87' lang='lat' dir='ltr'>Instar,</span> <span class='ocrx_word' id='word_1_208' title='bbox 265 3537 511 3612; x_wconf 59' lang='lat' dir='ltr'>habentnnimos.</span> <span class='ocrx_word' id='word_1_209' title='bbox 557 3535 624 3598; x_wconf 89' lang='lat' dir='ltr'>Nec</span> <span class='ocrx_word' id='word_1_210' title='bbox 635 3535 698 3620; x_wconf 89' lang='lat' dir='ltr'>jam</span> <span class='ocrx_word' id='word_1_211' title='bbox 714 3537 822 3601; x_wconf 86' lang='lat' dir='ltr'>dotalia</span> <span class='ocrx_word' id='word_1_212' title='bbox 835 3561 936 3623; x_wconf 86' lang='lat' dir='ltr'>regna,</span> 
     </span>
    </p>
   </div>
   <div class='ocr_carea' id='block_1_3' title="bbox 0 0 1288 4248">
    <p class='ocr_par' dir='ltr' id='par_1_3' title="bbox 0 0 1288 4248">
     <span class='ocr_line' id='line_1_34' title="bbox 0 0 1288 4248; baseline 0 5"><span class='ocrx_word' id='word_1_213' title='bbox 0 0 1288 4248; x_wconf 95' lang='lat' dir='ltr'> </span> 
     </span>
    </p>
   </div>
  </div>
 </body>
</html>
