2572 4242
507 410 860 504 Murnmput’flosuon
877 424 881 430 ·

396 705 599 750 muamus
619 707 641 748 A
662 703 813 747 thorout:
836 703 954 746 MTA·

613 898 645 940 v.
661 880 735 941 341.

228 1049 330 1115 Prima
344 1048 440 1114 Ceres
453 1070 532 1112 unco
546 1048 665 1130 glebam
679 1047 803 1110 dimovit
817 1059 928 1109 aratro:

186 1147 289 1212 Prima
303 1149 383 1211 dedit
399 1147 506 1229 fruges,
522 1143 720 1227 alimentaque
736 1145 817 1206 mitia
832 1144 933 1206 terris:
1112 1142 1173 1204 180

187 1243 289 1308 Prima
304 1245 385 1307 dedit
400 1245 491 1326 leges.
536 1241 656 1305 Cereris
671 1263 772 1304 sumus
787 1243 886 1304 omnia
900 1261 1021 1303 munus.

187 1339 243 1404 llla
257 1340 390 1404 canenda
404 1339 476 1402 mihi
492 1353 548 1400 est.
592 1337 717 1402 Utinam
732 1339 823 1401 modo
838 1339 937 1400 dicere
953 1359 1077 1422 possem

188 1436 329 1501 Cannina
344 1438 432 1518 digna
446 1437 525 1499 deae!
547 1437 628 1498 cert'e
644 1436 701 1498 dea
715 1436 844 1498 carmine
860 1436 948 1518 digna
962 1448 1052 1500 este

232 1533 325 1596 Vasta
339 1533 482 1617 giganteis
496 1534 610 1614 ingesta
625 1547 670 1596 est
686 1534 780 1596 insula
793 1533 933 1596 membris

187 1629 355 1707 Trinacris3
377 1645 406 1693 et
421 1630 534 1712 magnis
549 1630 715 1714 subjectum
729 1630 856 1693 molibus
871 1643 977 1713 urguet
1114 1629 1173 1694 185

190 1727 339 1790 AEtherias
353 1749 457 1790 ausum
471 1749 588 1810 spemre
603 1726 754 1810 Typhoea
769 1728 867 1789 sedes.

189 1822 301 1887 Nititur
315 1825 363 1887 ille
380 1825 510 1909 quidem,
526 1839 697 1908 pugnatque
712 1845 865 1906 resurgere
880 1845 976 1908 saepe:

190 1920 308 1984 Dextra
323 1923 376 1984 sed
390 1923 525 1985 Ausonio
538 1943 643 1984 manus
658 1935 703 1983 est
717 1922 850 2006 subjecta
868 1921 997 1985 Peloro:

190 2017 294 2097 Laeva,
308 2019 465 2104 Pachyne,
479 2019 550 2096 tibi;
572 2019 696 2082 Lilibaeo
710 2039 795 2081 crura
811 2033 1002 2102 premuntur:

190 2115 343 2198 Degravat
358 2118 451 2181 AEtna
464 2132 570 2201 caput:
594 2117 649 2179 sub
665 2115 724 2199 qut
738 2118 893 2200 resupinus
908 2138 1012 2180 arenas
1114 2119 1174 2182 190

191 2212 322 2298 Ejectat,
338 2217 546 2298 flammamque
562 2214 624 2277 sero
639 2215 731 2276 vomit
744 2201 992 2299 ore‘Typlroeus.

191 2309 279 2390 Saepe
293 2312 421 2373 remoliri
435 2312 562 2373 luctatur
575 2311 706 2394 pondera
720 2325 815 2388 terrae,
1029 2304 1031 2309 ’

191 2404 384 2488 Oppidaquc,
398 2420 429 2468 et
443 2427 564 2488 magnos
579 2408 717 2470 evolvere
731 2429 856 2492 corpore
871 2423 999 2473 montes.

191 2499 265 2563 Inde
280 2503 378 2564 tremit
392 2503 478 2564 tellus
488 2495 500 2566 :¹
519 2517 549 2564 et
564 2525 618 2566 rex
633 2520 723 2587 pavet
738 2505 802 2588 ipse
817 2506 966 2570 silentlnn.

191 2595 240 2660 Ne
256 2611 365 2679 pateat,
380 2599 498 2683 latoque
513 2600 607 2662 solum
622 2615 770 2683 retegatur
791 2603 892 2680 hiatu;
1033 2643 1036 2652 ι
1115 2606 1177 2672 195

192 2692 401 2781 Immissusque
417 2697 480 2760 dies
494 2699 674 2784 trepidantes
689 2713 798 2763 terreat
813 2702 941 2765 umbras.

192 2789 281 2855 Hanc
294 2807 430 2858 metuens
444 2796 560 2859 cladem
575 2797 730 2860 tenebrosa
744 2799 816 2861 sede
831 2812 973 2883 tyrannus

193 2887 334 2952 Exierat:
358 2912 503 2976 curatque
518 2907 646 2957 atrorum
662 2909 766 2958 vectus
781 2917 926 2981 equorum
946 2897 951 2907 '

194 2983 335 3045 Ambibat
350 2985 456 3048 Siculae
470 3002 574 3050 cautus
589 2989 758 3055 fundamina
776 3006 870 3073 terrae,

193 3077 359 3158 Postquam
375 3081 560 3162 exploratum
575 3084 644 3145 satis
659 3099 705 3147 est
718 3087 785 3151 loca
798 3093 878 3156 nulla
893 3092 1011 3170 labarc3
1112 3097 1178 3161 200

195 3173 392 3256 Depositique
406 3189 521 3238 metus:
544 3177 625 3239 videt
640 3179 718 3242 hunc
739 3182 872 3266 Erycina
886 3203 1046 3272 vagantem

195 3269 301 3333 Monte
316 3289 370 3331 suo
383 3271 523 3348 residens,
531 3285 698 3355 ‘natumque
714 3281 854 3359 amplexa
872 3286 1044 3364 volucram3

196 3369 319 3442 ‘Arma,
335 3389 498 3450 manusque
512 3389 602 3446 meae,
617 3391 694 3447 mea,
710 3387 790 3449 nate,
805 3384 958 3458 potentia,’
975 3385 1062 3463 dixit,

197 3464 279 3540 ‘llla,
295 3463 399 3547 quibus
413 3484 534 3547 superae
549 3486 662 3544 amaea,
677 3489 752 3553 cape
767 3472 837 3550 t'ela,
853 3473 986 3560 Cupido,

196 3558 291 3643 Inque
306 3557 354 3619 dei
369 3571 474 3641 peetus
488 3559 600 3625 celeres
614 3566 718 3629 molire
732 3569 862 3651 sagittas,
