2572 4242
164 453 205 540 l2
475 453 820 504 METAMORPHOSEON

79 629 81 640 ·
162 606 386 689 Fatidicnmque
401 603 544 682 Themin,
559 624 623 688 qne
638 623 716 666 nunc
730 603 827 666 oracla
842 603 989 686 tenebat,

162 703 231 769 Non
247 705 297 767 illo
311 703 415 765 melior
428 703 592 786 quisquam,
607 723 663 764 nec
678 701 820 764 amantior
835 701 910 784 aequi

164 801 219 865 Vir
232 801 296 878 suit,
311 815 361 864 aut
375 800 427 863 illt
440 800 616 862 metuentior
629 799 692 888 ulla
704 799 837 860 deorum.

161 899 279 983 Jupiter
294 913 325 961 ut
340 897 455 984 liquidis
470 911 603 981 stagnare
619 896 773 980 paludibus
787 897 899 972 orbem,
917 975 919 979 ,

162 997 205 1060 Et
218 1019 371 1080 superesse
387 997 468 1060 videt
482 996 520 1058 de
535 1010 577 1058 tot
592 995 681 1058 modo
695 995 822 1057 millibus
843 1016 944 1072 unum,

163 1093 205 1158 Et
219 1116 371 1179 superesse
387 1095 468 1157 videt
482 1095 519 1156 de
534 1108 577 1156 tot
592 1093 683 1156 modo
697 1092 823 1158 millibus
837 1113 945 1168 nnam3

162 1184 308 1257 innocuos
324 1194 435 1268 ambos,
449 1193 575 1255 cultores
590 1192 716 1253 numinis
731 1193 851 1268 ambos3

163 1291 273 1354 Nubila
288 1290 418 1375 disjecit:
442 1290 605 1372 nimbisque
622 1289 771 1372 Aquilone
787 1288 915 1365 remotis,

163 1388 206 1455 Et
220 1389 298 1451 ooelo
313 1403 402 1450 terras
416 1387 553 1461 ostendit,
569 1400 599 1448 et
614 1386 720 1448 aetbera
735 1387 828 1448 terris.
910 1443 913 1449 .

163 1484 231 1548 Nec
247 1485 332 1547 maris
347 1486 389 1546 ira
403 1497 520 1560 manet3
542 1483 696 1567 positoque
712 1482 870 1568 tricuspide
886 1485 946 1547 telo

164 1582 281 1646 llluloet
296 1603 386 1666 aquas
401 1595 496 1644 rector
511 1581 623 1665 pelagi:
646 1602 792 1664 supraque
809 1581 984 1664 profundum

164 1679 353 1755 Exstantem,
368 1693 456 1762 atque
470 1679 607 1740 humeros
623 1678 722 1741 innato
738 1680 847 1741 murice
863 1692 986 1754 tectum,

165 1777 333 1842 Caeruleum
349 1775 473 1839 Tritona
488 1791 592 1854 vocat3
614 1777 793 1860 conchaeque
808 1777 907 1839 sonaci

165 1875 309 1960 lnspirare
320 1873 424 1960 jubet3
446 1875 612 1959 fluctusque
627 1889 657 1936 et
673 1874 793 1936 flumina
807 1874 890 1955 signo

165 1972 234 2036 Jam
248 1994 386 2036 revocare
401 1973 480 2036 dato.
524 1971 611 2037 Cava
625 1973 749 2036 buccina
763 1973 886 2034 sumitur
907 1971 946 2036 illi

164 2069 296 2148 Tortilis,
312 2071 341 2134 in
357 2071 449 2151 latum
462 2092 526 2156 qne
540 2070 654 2134 turbine
669 2069 776 2142 crescit
789 2070 826 2133 ab
849 2071 924 2132 imo:

164 2167 309 2247 Buccina,
325 2192 388 2255 qne
404 2171 503 2232 medio
516 2169 654 2252 concepit
668 2182 701 2229 ut
715 2171 784 2230 a‘e‘ra
799 2182 900 2250 ponto,

165 2266 280 2330 littora
295 2289 368 2329 voce
383 2267 488 2348 replet,
504 2267 558 2327 sub
572 2281 696 2347 utroque
707 2263 837 2348 jacentia
853 2263 980 2328 Phoebo.

165 2362 247 2425 Tum
262 2383 390 2446 quoque,
404 2376 437 2423 ut
452 2383 501 2422 ora
517 2361 563 2423 dei
580 2360 698 2422 madidi
712 2359 836 2421 rorantia
852 2361 942 2422 barbi

166 2458 310 2540 Contigit,
326 2474 355 2520 ct
369 2459 475 2520 cecinit
487 2459 584 2542 jussos
600 2457 698 2518 inflata
714 2473 861 2539 receptus,

166 2556 313 2619 Omnibus
327 2557 425 2618 audita
441 2572 485 2618 est
500 2555 611 2617 telluris
626 2572 654 2617 et
671 2555 792 2638 equoris
808 2555 910 2619 undis:

167 2653 208 2716 Et
224 2654 328 2737 quibus
343 2665 392 2715 est¹
402 2653 486 2714 undis
501 2652 610 2729 audite,
625 2656 671 2714 col
682 2653 753 2714 rcuit
769 2675 882 2715 omnes

209 2750 276 2812 darn
293 2771 372 2812 mare
389 2751 467 2812 littus
482 2749 587 2813 habet:
614 2751 715 2833 plenos
730 2751 809 2834 capit
824 2751 925 2813 alveus
940 2771 1059 2815 amnes:

167 2847 305 2911 Flumina
320 2848 488 2911 subsidunt:
510 2849 600 2910 colles
615 2851 696 2911 exire
714 2848 856 2910 videntur.

167 2945 265 3027 Surgit
281 2947 402 3008 humus:
425 2963 561 3008 crescunt
575 2947 639 3008 loca
654 2947 890 3008 decrescentibus
905 2945 1001 3008 undis.
1074 2948 1138 3010 345

167 3039 300 3126 Postque
315 3043 393 3104 diem
410 3043 524 3124 longam
540 3044 648 3104 nudata
662 3045 816 3105 cacumina
831 3045 909 3106 silvae

167 3138 346 3218 Ostendant,
361 3140 522 3226 ffinurnque
538 3155 640 3204 tenent
655 3141 682 3204 in
699 3138 800 3203 fronde
814 3142 960 3205 relictum.
