2568 4248
537 439 644 490 ureuu
666 440 740 490 xur.
1066 441 1124 502 m

146 590 294 674 AEteque,
308 609 396 674 posse
409 589 477 673 capi
491 585 636 666 iaciendo,
650 587 798 674 Pergama
811 591 890 676 cepi.

146 685 212 750 Per
225 707 295 770 spes
309 707 388 749 nunc
402 687 507 764 socies,
520 707 682 770 casuraque
697 687 808 751 moenie
821 685 948 768 Trutun,
1060 693 1126 756 att

146 783 269 868 Perque
284 784 356 847 dece
370 805 432 862 oro,
447 805 521 868 quos
535 783 611 848 hosti
626 805 720 867 nuper
732 785 848 862 ademi3

148 881 222 959 Per,
238 883 262 945 si
277 882 348 966 quid
362 895 507 965 superest,
523 882 601 965 quod
616 883 654 946 sit
666 881 816 966 supienter
829 881 997 966 egendum

150 978 183 1042 Si
200 979 269 1063 quid
283 979 380 1042 adhuc
395 979 503 1054 audax,
517 1000 557 1042 ex
573 979 772 1064 precipitique
787 979 969 1063 petendum

149 1076 183 1140 Si
197 1076 296 1162 Trojae
311 1075 377 1140 fatis
391 1077 499 1161 aliquid
514 1089 623 1140 restare
638 1077 766 1160 putetis3

149 1171 224 1236 Este
239 1173 298 1236 mei
312 1193 475 1238 memores:
498 1187 549 1236 eut
563 1174 587 1236 si
601 1173 673 1238 mihi
688 1195 746 1238 non
761 1173 836 1238 datis
850 1195 949 1254 αττηις
1060 1175 1126 1244 80)

149 1260 230 1333 Huic
246 1270 336 1334 date!
381 1269 423 1333 Et
436 1269 563 1334 ostendit
578 1270 693 1353 siguum
708 1269 797 1336 settle
811 1270 968 1340 Minerva.

193 1365 278 1430 Mota
292 1389 396 1430 manus
411 1387 568 1452 procerum
581 1381 643 1430 est:
667 1382 708 1446 et,
723 1369 793 1453 quid
808 1369 945 1436 suendi:
958 1381 1071 1456 ponet,

147 1463 200 1527 Re
215 1465 328 1548 patui13
350 1465 489 1550 sortisque
506 1466 559 1528 viri
573 1465 640 1529 tulit
654 1487 733 1530 erma
748 1466 883 1532 disertus.

147 1561 282 1626 Hectora
295 1563 345 1647 qui
359 1563 450 1641 solus,
464 1563 515 1646 qui
530 1561 649 1640 serrum,
664 1563 832 1648 ignemque,
847 1563 1017 1652 Jovemquo

146 1660 292 1723 Sustinuit
306 1659 411 1736 tuden
434 1681 523 1722 unum
537 1681 597 1722 non
611 1661 735 1724 sustinet
750 1662 841 1726 uam:
1057 1663 1123 1730 385

145 1757 354 1843 Invictumque
369 1759 463 1822 virum
480 1757 570 1822 vincit
584 1757 676 1822 dolor.
721 1759 834 1843 Arripit
848 1779 968 1826 eutem:

4 1900 7 1906 .
146 1853 482 1932 Et,‘Meushiccerte
497 1867 553 1918 est.
597 1854 1122 1942 AnethuncsibipoccetUlyuet?

145 1951 237 2030 Hoc‚’
254 1953 304 2030 ait,
320 1952 480 2016 ‘utendum
494 1965 540 2016 est
554 1953 583 2016 in
598 1973 647 2016 me
660 1953 752 2016 mihi:
775 1953 885 2038 quique
898 1973 1003 2018 cmm

146 2050 236 2134 Saepe
250 2049 405 2134 Phrygum
421 2050 543 2126 maduit,
557 2049 669 2114 domini
683 2071 762 2112 nunc
776 2048 858 2112 cede
873 2049 1021 2116 madebit:

146 2145 197 2209 Ne
213 2148 367 2231 quisquam
382 2145 507 2231 Ajacem
521 2147 614 2230 possit
627 2167 776 2229 superare,
791 2145 846 2210 nisi
868 2145 971 2232 dja!
1056 2147 1123 2214 Μ

145 2244 250 2308 Dixit:
273 2244 348 2307 etin
363 2257 478 2327 pectus,
493 2257 556 2306 tum
571 2242 699 2327 denique
714 2243 836 2306 uulnere
850 2263 980 2328 pnsum,

144 2340 221 2416 Qut
235 2342 329 2425 patuit
342 2339 429 2419 ferro,
443 2341 563 2403 letalem
576 2341 708 2404 condidit
722 2361 843 2404 ensem:

145 2437 214 2501 Nec
229 2439 348 2501 valuere
363 2459 468 2502 manus
481 2438 605 2502 infixum
621 2438 748 2502 educere
764 2439 874 2504 telum:

145 2534 274 2619 Expulit
287 2536 351 2620 ipse
365 2557 467 2599 cruor:
491 2534 700 2619 rubefactaque
715 2537 856 2619 sanguiue
871 2535 959 2602 teum

145 2631 334 2716 Purpureum
349 2633 433 2696 viridi
447 2632 549 2715 genuit
564 2633 601 2695 de
616 2633 729 2717 cespite
743 2633 858 2710 florem,
943 2662 947 2670 ·
1055 2633 1121 2703 Μ

145 2728 210 2804 Qui
225 2730 305 2814 priris
319 2729 442 2794 OEbelio
455 2730 550 2793 suerat
564 2728 602 2791 de
617 2730 738 2792 vulnere
752 2743 849 2793 nutus.

144 2826 248 2892 Utere
261 2827 427 2890 communis
440 2827 545 2890 mediis
560 2846 713 2911 pueroque
728 2827 850 2909 viroque

145 2923 290 3009 Inscripta
304 2937 349 2988 est
360 2923 452 2988 soliis:
476 2925 539 2988 hec
553 2922 691 3000 nominis,
706 2922 755 2986 illa
769 2921 907 3007 querele.

388 3128 521 3172 nucum
543 3127 578 3170 nt
601 3125 711 3174 ΟΔΝΚΙ
735 3125 877 3170 murt.

575 3295 605 3337 v.
618 3277 692 3338 404.

142 3411 237 3496 Troja
251 3411 339 3474 siruul
353 3410 549 3494 Priamusque
563 3409 690 3472 cedunt:
713 3407 863 3472 Priameia
883 3405 994 3495 conjux

143 3507 280 3572 Perdidit
295 3507 397 3573 infelix
412 3507 538 3572 hominis
554 3519 620 3591 poet
634 3507 733 3570 omnia
746 3505 888 3584 sormam
1058 3505 1125 3570 tot

144 3603 355 3690 Extremusque
369 3626 449 3670 novo
462 3605 567 3668 latratu
582 3604 682 3668 terruit
697 3623 781 3690 aures
