<?xml version="1.0" encoding="UTF-8"?>
<!DOCTYPE html PUBLIC "-//W3C//DTD XHTML 1.0 Transitional//EN"
    "http://www.w3.org/TR/xhtml1/DTD/xhtml1-transitional.dtd">
<html xmlns="http://www.w3.org/1999/xhtml" xml:lang="en" lang="en">
 <head>
  <title>
</title>
<meta http-equiv="Content-Type" content="text/html;charset=utf-8" />
  <meta name='ocr-system' content='tesseract 3.04.00' />
  <meta name='ocr-capabilities' content='ocr_page ocr_carea ocr_par ocr_line ocrx_word'/>
</head>
<body>
  <div class='ocr_page' id='page_1' title='image "./excerptaexscrip01ovidgoog_0068.png"; bbox 0 0 2572 4242; ppageno 0'>
   <div class='ocr_carea' id='block_1_1' title="bbox 205 392 870 456">
    <p class='ocr_par' dir='ltr' id='par_1_1' title="bbox 205 392 870 456">
     <span class='ocr_line' id='line_1_1' title="bbox 205 392 870 456; baseline -0.008 -8"><span class='ocrx_word' id='word_1_1' title='bbox 205 392 249 456; x_wconf 73' lang='grc'>54</span> <span class='ocrx_word' id='word_1_2' title='bbox 523 393 870 448; x_wconf 72' lang='lat' dir='ltr'>Murumoerttosnon</span> 
     </span>
    </p>
   </div>
   <div class='ocr_carea' id='block_1_2' title="bbox 206 544 1280 1217">
    <p class='ocr_par' dir='ltr' id='par_1_2' title="bbox 206 544 1280 827">
     <span class='ocr_line' id='line_1_2' title="bbox 207 544 1197 624; baseline 0.001 -12"><span class='ocrx_word' id='word_1_3' title='bbox 207 545 370 624; x_wconf 84' lang='lat' dir='ltr'>llloenibus,</span> <span class='ocrx_word' id='word_1_4' title='bbox 385 559 416 610; x_wconf 83' lang='lat' dir='ltr'>et</span> <span class='ocrx_word' id='word_1_5' title='bbox 431 559 515 610; x_wconf 81' lang='lat' dir='ltr'>vasto</span> <span class='ocrx_word' id='word_1_6' title='bbox 530 544 653 612; x_wconf 76' lang='lat' dir='ltr'><strong>dederat</strong></span> <span class='ocrx_word' id='word_1_7' title='bbox 667 545 811 610; x_wconf 85' lang='lat' dir='ltr'>servanda</span> <span class='ocrx_word' id='word_1_8' title='bbox 826 544 962 610; x_wconf 87' lang='lat' dir='ltr'>draconi:</span> <span class='ocrx_word' id='word_1_9' title='bbox 1126 550 1197 613; x_wconf 56' lang='lat' dir='ltr'><em>w</em></span> 
     </span>
     <span class='ocr_line' id='line_1_3' title="bbox 206 629 1280 728; baseline -0.002 -20"><span class='ocrx_word' id='word_1_10' title='bbox 206 646 395 728; x_wconf 84' lang='lat' dir='ltr'>Amebatque</span> <span class='ocrx_word' id='word_1_11' title='bbox 409 644 468 706; x_wconf 85' lang='lat' dir='ltr'>suis</span> <span class='ocrx_word' id='word_1_12' title='bbox 483 658 623 706; x_wconf 85' lang='lat' dir='ltr'>externos</span> <span class='ocrx_word' id='word_1_13' title='bbox 638 643 742 708; x_wconf 87' lang='lat' dir='ltr'>finibus</span> <span class='ocrx_word' id='word_1_14' title='bbox 757 665 871 706; x_wconf 87' lang='lat' dir='ltr'>omnes.</span> <span class='ocrx_word' id='word_1_15' title='bbox 1279 629 1280 636; x_wconf 9' lang='grc' dir='ltr'>ἵ</span> 
     </span>
     <span class='ocr_line' id='line_1_4' title="bbox 207 740 1071 827; baseline 0 -23"><span class='ocrx_word' id='word_1_16' title='bbox 207 741 285 804; x_wconf 91' lang='lat' dir='ltr'>lluic</span> <span class='ocrx_word' id='word_1_17' title='bbox 302 764 430 825; x_wconf 88' lang='lat' dir='ltr'>qnoque,</span> <span class='ocrx_word' id='word_1_18' title='bbox 446 751 453 778; x_wconf 91' lang='lat'>‘</span> <span class='ocrx_word' id='word_1_19' title='bbox 468 740 553 803; x_wconf 86' lang='lat' dir='ltr'><strong>Vade</strong></span> <span class='ocrx_word' id='word_1_20' title='bbox 570 743 682 824; x_wconf 88' lang='lat' dir='ltr'>procul,</span> <span class='ocrx_word' id='word_1_21' title='bbox 699 762 735 802; x_wconf 92' lang='lat' dir='ltr'>ne</span> <span class='ocrx_word' id='word_1_22' title='bbox 751 741 838 822; x_wconf 76' lang='lat' dir='ltr'>longi</span> <span class='ocrx_word' id='word_1_23' title='bbox 854 741 944 827; x_wconf 79' lang='lat' dir='ltr'>¹gloria</span> <span class='ocrx_word' id='word_1_24' title='bbox 959 763 1071 820; x_wconf 84' lang='lat' dir='ltr'>rerum,</span> 
     </span>
    </p>

    <p class='ocr_par' dir='ltr' id='par_1_3' title="bbox 206 837 954 920">
     <span class='ocr_line' id='line_1_5' title="bbox 206 837 954 920; baseline -0.003 -18"><span class='ocrx_word' id='word_1_25' title='bbox 206 841 291 913; x_wconf 73' lang='lat' dir='ltr'>Qum</span> <span class='ocrx_word' id='word_1_26' title='bbox 308 839 456 916; x_wconf 89' lang='lat' dir='ltr'>nrentir·is,’</span> <span class='ocrx_word' id='word_1_27' title='bbox 473 841 524 914; x_wconf 88' lang='lat' dir='ltr'>ait,</span> <span class='ocrx_word' id='word_1_28' title='bbox 540 839 645 920; x_wconf 73' lang='lat' dir='ltr'>‘longb</span> <span class='ocrx_word' id='word_1_29' title='bbox 661 838 711 900; x_wconf 90' lang='lat' dir='ltr'>tibi</span> <span class='ocrx_word' id='word_1_30' title='bbox 726 837 845 920; x_wconf 81' lang='lat' dir='ltr'>Jupiter</span> <span class='ocrx_word' id='word_1_31' title='bbox 860 839 954 900; x_wconf 89' lang='lat' dir='ltr'>absit.’</span> 
     </span>
    </p>

    <p class='ocr_par' dir='ltr' id='par_1_4' title="bbox 206 934 1193 1217">
     <span class='ocr_line' id='line_1_6' title="bbox 211 934 1017 1020; baseline 0.001 -23"><span class='ocrx_word' id='word_1_32' title='bbox 211 937 337 1020; x_wconf 86' lang='lat' dir='ltr'>Vimque</span> <span class='ocrx_word' id='word_1_33' title='bbox 352 937 438 998; x_wconf 89' lang='lat' dir='ltr'>ruinis</span> <span class='ocrx_word' id='word_1_34' title='bbox 453 936 550 998; x_wconf 81' lang='lat' dir='ltr'>addit:</span> <span class='ocrx_word' id='word_1_35' title='bbox 574 934 740 1016; x_wconf 83' lang='lat' dir='ltr'>foribusque</span> <span class='ocrx_word' id='word_1_36' title='bbox 755 936 907 1017; x_wconf 84' lang='lat' dir='ltr'>expellere</span> <span class='ocrx_word' id='word_1_37' title='bbox 923 950 1017 998; x_wconf 87' lang='lat' dir='ltr'>tentat</span> 
     </span>
     <span class='ocr_line' id='line_1_7' title="bbox 206 1031 1193 1117; baseline 0 -21"><span class='ocrx_word' id='word_1_38' title='bbox 206 1035 417 1111; x_wconf 81' lang='lat' dir='ltr'>Cunctantem,</span> <span class='ocrx_word' id='word_1_39' title='bbox 432 1048 463 1096; x_wconf 91' lang='lat' dir='ltr'>et</span> <span class='ocrx_word' id='word_1_40' title='bbox 478 1033 599 1117; x_wconf 89' lang='lat' dir='ltr'>placidis</span> <span class='ocrx_word' id='word_1_41' title='bbox 614 1033 787 1094; x_wconf 83' lang='lat' dir='ltr'>miscentem</span> <span class='ocrx_word' id='word_1_42' title='bbox 802 1031 886 1094; x_wconf 87' lang='lat' dir='ltr'>sortia</span> <span class='ocrx_word' id='word_1_43' title='bbox 902 1034 996 1096; x_wconf 89' lang='lat' dir='ltr'>dictis.</span> <span class='ocrx_word' id='word_1_44' title='bbox 1124 1037 1193 1098; x_wconf 78' lang='lat'>295</span> 
     </span>
     <span class='ocr_line' id='line_1_8' title="bbox 206 1130 947 1217; baseline 0.003 -25"><span class='ocrx_word' id='word_1_45' title='bbox 206 1130 325 1195; x_wconf 80' lang='lat' dir='ltr'>Viribus</span> <span class='ocrx_word' id='word_1_46' title='bbox 340 1131 468 1210; x_wconf 78' lang='lat' dir='ltr'>inferior,</span> <span class='ocrx_word' id='word_1_47' title='bbox 486 1130 565 1217; x_wconf 87' lang='lat' dir='ltr'>(quis</span> <span class='ocrx_word' id='word_1_48' title='bbox 579 1130 658 1194; x_wconf 89' lang='lat' dir='ltr'>enim</span> <span class='ocrx_word' id='word_1_49' title='bbox 673 1151 726 1212; x_wconf 87' lang='lat' dir='ltr'>par</span> <span class='ocrx_word' id='word_1_50' title='bbox 740 1143 817 1192; x_wconf 90' lang='lat' dir='ltr'>esset</span> <span class='ocrx_word' id='word_1_51' title='bbox 834 1131 947 1194; x_wconf 83' lang='lat' dir='ltr'>Atlanti</span> 
     </span>
    </p>
   </div>
   <div class='ocr_carea' id='block_1_3' title="bbox 203 1227 1189 2093">
    <p class='ocr_par' dir='ltr' id='par_1_5' title="bbox 206 1227 1053 1314">
     <span class='ocr_line' id='line_1_9' title="bbox 206 1227 1053 1314; baseline -0.001 -22"><span class='ocrx_word' id='word_1_52' title='bbox 206 1228 325 1292; x_wconf 82' lang='lat' dir='ltr'>Viribus</span> <span class='ocrx_word' id='word_1_53' title='bbox 334 1231 362 1314; x_wconf 82' lang='lat' dir='ltr'>i)</span> <span class='ocrx_word' id='word_1_54' title='bbox 380 1229 442 1294; x_wconf 87' lang='lat' dir='ltr'>‘At</span> <span class='ocrx_word' id='word_1_55' title='bbox 457 1229 594 1312; x_wconf 87' lang='lat' dir='ltr'>quoniam</span> <span class='ocrx_word' id='word_1_56' title='bbox 608 1228 690 1311; x_wconf 85' lang='lat' dir='ltr'>parvi</span> <span class='ocrx_word' id='word_1_57' title='bbox 705 1227 756 1290; x_wconf 92' lang='lat' dir='ltr'>tibi</span> <span class='ocrx_word' id='word_1_58' title='bbox 770 1229 861 1310; x_wconf 83' lang='lat' dir='ltr'>gratia</span> <span class='ocrx_word' id='word_1_59' title='bbox 875 1244 973 1292; x_wconf 85' lang='lat' dir='ltr'>nostra</span> <span class='ocrx_word' id='word_1_60' title='bbox 990 1241 1036 1292; x_wconf 89' lang='lat' dir='ltr'>est</span> <span class='ocrx_word' id='word_1_61' title='bbox 1044 1249 1053 1306; x_wconf 88' lang='lat'>;</span> 
     </span>
    </p>

    <p class='ocr_par' dir='ltr' id='par_1_6' title="bbox 205 1325 972 1409">
     <span class='ocr_line' id='line_1_10' title="bbox 205 1325 972 1409; baseline 0.001 -20"><span class='ocrx_word' id='word_1_62' title='bbox 205 1327 320 1409; x_wconf 83' lang='lat' dir='ltr'>Accipe</span> <span class='ocrx_word' id='word_1_63' title='bbox 336 1325 463 1402; x_wconf 89' lang='lat' dir='ltr'>munus‚&#39;</span> <span class='ocrx_word' id='word_1_64' title='bbox 480 1326 519 1390; x_wconf 89' lang='lat' dir='ltr'>ait</span> <span class='ocrx_word' id='word_1_65' title='bbox 528 1347 536 1402; x_wconf 87' lang='lat'>;</span> <span class='ocrx_word' id='word_1_66' title='bbox 557 1325 691 1408; x_wconf 76' lang='lat' dir='ltr'>leviaque</span> <span class='ocrx_word' id='word_1_67' title='bbox 706 1347 723 1386; x_wconf 91' lang='lat' dir='ltr'>a</span> <span class='ocrx_word' id='word_1_68' title='bbox 738 1340 821 1408; x_wconf 87' lang='lat' dir='ltr'>parte</span> <span class='ocrx_word' id='word_1_69' title='bbox 836 1325 972 1390; x_wconf 82' lang='lat' dir='ltr'>Medusae</span> 
     </span>
    </p>

    <p class='ocr_par' dir='ltr' id='par_1_7' title="bbox 204 1423 876 1510">
     <span class='ocr_line' id='line_1_11' title="bbox 204 1423 876 1510; baseline -0.001 -25"><span class='ocrx_word' id='word_1_70' title='bbox 204 1423 273 1506; x_wconf 87' lang='lat' dir='ltr'>lpse</span> <span class='ocrx_word' id='word_1_71' title='bbox 289 1437 469 1486; x_wconf 84' lang='lat' dir='ltr'>retroversus</span> <span class='ocrx_word' id='word_1_72' title='bbox 483 1423 657 1510; x_wconf 81' lang='lat' dir='ltr'>squallentia</span> <span class='ocrx_word' id='word_1_73' title='bbox 673 1423 801 1504; x_wconf 91' lang='lat' dir='ltr'>prodidit</span> <span class='ocrx_word' id='word_1_74' title='bbox 815 1444 876 1486; x_wconf 87' lang='lat' dir='ltr'>ora.</span> 
     </span>
    </p>

    <p class='ocr_par' dir='ltr' id='par_1_8' title="bbox 204 1519 1139 1604">
     <span class='ocr_line' id='line_1_12' title="bbox 204 1519 1139 1604; baseline 0.003 -23"><span class='ocrx_word' id='word_1_75' title='bbox 204 1519 345 1593; x_wconf 84' lang='lat' dir='ltr'>Quantus</span> <span class='ocrx_word' id='word_1_76' title='bbox 360 1535 431 1598; x_wconf 83' lang='lat' dir='ltr'>erat,</span> <span class='ocrx_word' id='word_1_77' title='bbox 446 1541 531 1584; x_wconf 91' lang='lat' dir='ltr'>mons</span> <span class='ocrx_word' id='word_1_78' title='bbox 545 1519 639 1582; x_wconf 86' lang='lat' dir='ltr'>sactus</span> <span class='ocrx_word' id='word_1_79' title='bbox 654 1520 750 1583; x_wconf 86' lang='lat' dir='ltr'>Atlas.</span> <span class='ocrx_word' id='word_1_80' title='bbox 795 1519 814 1582; x_wconf 92' lang='lat' dir='ltr'>J</span> <span class='ocrx_word' id='word_1_81' title='bbox 817 1542 864 1582; x_wconf 88' lang='lat' dir='ltr'>am</span> <span class='ocrx_word' id='word_1_82' title='bbox 878 1519 967 1582; x_wconf 89' lang='lat' dir='ltr'>barba</span> <span class='ocrx_word' id='word_1_83' title='bbox 982 1541 1139 1604; x_wconf 84' lang='lat' dir='ltr'>comaeque</span> 
     </span>
    </p>

    <p class='ocr_par' dir='ltr' id='par_1_9' title="bbox 204 1616 1186 1799">
     <span class='ocr_line' id='line_1_13' title="bbox 205 1616 1186 1702; baseline 0.002 -23"><span class='ocrx_word' id='word_1_84' title='bbox 205 1617 238 1679; x_wconf 90' lang='lat' dir='ltr'>ln</span> <span class='ocrx_word' id='word_1_85' title='bbox 254 1619 342 1680; x_wconf 88' lang='lat' dir='ltr'>silvas</span> <span class='ocrx_word' id='word_1_86' title='bbox 357 1619 483 1680; x_wconf 89' lang='lat' dir='ltr'>abeunt:</span> <span class='ocrx_word' id='word_1_87' title='bbox 502 1616 576 1702; x_wconf 86' lang='lat' dir='ltr'>juga</span> <span class='ocrx_word' id='word_1_88' title='bbox 589 1633 657 1680; x_wconf 92' lang='lat' dir='ltr'>sunt</span> <span class='ocrx_word' id='word_1_89' title='bbox 673 1618 846 1702; x_wconf 87' lang='lat' dir='ltr'>humerique</span> <span class='ocrx_word' id='word_1_90' title='bbox 858 1639 1032 1702; x_wconf 88' lang='lat' dir='ltr'>manusque.</span> <span class='ocrx_word' id='word_1_91' title='bbox 1121 1623 1186 1686; x_wconf 87' lang='grc'>301</span> 
     </span>
     <span class='ocr_line' id='line_1_14' title="bbox 204 1715 1086 1799; baseline 0.002 -23"><span class='ocrx_word' id='word_1_92' title='bbox 204 1715 297 1790; x_wconf 87' lang='lat' dir='ltr'>Quod</span> <span class='ocrx_word' id='word_1_93' title='bbox 311 1731 402 1799; x_wconf 88' lang='lat' dir='ltr'>caput</span> <span class='ocrx_word' id='word_1_94' title='bbox 417 1718 485 1780; x_wconf 78' lang='lat' dir='ltr'>ante</span> <span class='ocrx_word' id='word_1_95' title='bbox 501 1716 565 1793; x_wconf 89' lang='lat' dir='ltr'>suit,</span> <span class='ocrx_word' id='word_1_96' title='bbox 580 1737 696 1779; x_wconf 91' lang='lat' dir='ltr'>summo</span> <span class='ocrx_word' id='word_1_97' title='bbox 711 1730 756 1778; x_wconf 92' lang='lat' dir='ltr'>est</span> <span class='ocrx_word' id='word_1_98' title='bbox 771 1717 798 1778; x_wconf 90' lang='lat' dir='ltr'>in</span> <span class='ocrx_word' id='word_1_99' title='bbox 814 1731 915 1779; x_wconf 89' lang='lat' dir='ltr'>monte</span> <span class='ocrx_word' id='word_1_100' title='bbox 930 1738 1086 1782; x_wconf 84' lang='lat' dir='ltr'>cacumen.</span> 
     </span>
    </p>

    <p class='ocr_par' dir='ltr' id='par_1_10' title="bbox 203 1812 988 1899">
     <span class='ocr_line' id='line_1_15' title="bbox 203 1812 988 1899; baseline 0.003 -24"><span class='ocrx_word' id='word_1_101' title='bbox 203 1812 280 1876; x_wconf 88' lang='lat' dir='ltr'>Ossa</span> <span class='ocrx_word' id='word_1_102' title='bbox 296 1814 369 1897; x_wconf 90' lang='lat' dir='ltr'>lapis</span> <span class='ocrx_word' id='word_1_103' title='bbox 384 1815 467 1877; x_wconf 90' lang='lat' dir='ltr'>fiunt.</span> <span class='ocrx_word' id='word_1_104' title='bbox 512 1813 594 1878; x_wconf 86' lang='lat' dir='ltr'>Tum</span> <span class='ocrx_word' id='word_1_105' title='bbox 609 1829 707 1899; x_wconf 88' lang='lat' dir='ltr'>partes</span> <span class='ocrx_word' id='word_1_106' title='bbox 722 1829 825 1876; x_wconf 90' lang='lat' dir='ltr'>auctus</span> <span class='ocrx_word' id='word_1_107' title='bbox 841 1815 870 1876; x_wconf 93' lang='lat' dir='ltr'>in</span> <span class='ocrx_word' id='word_1_108' title='bbox 885 1836 988 1878; x_wconf 88' lang='lat' dir='ltr'>omnes</span> 
     </span>
    </p>

    <p class='ocr_par' dir='ltr' id='par_1_11' title="bbox 203 1909 997 1996">
     <span class='ocr_line' id='line_1_16' title="bbox 203 1909 997 1996; baseline 0.003 -22"><span class='ocrx_word' id='word_1_109' title='bbox 203 1909 310 1975; x_wconf 93' lang='lat' dir='ltr'>Crevit</span> <span class='ocrx_word' id='word_1_110' title='bbox 324 1912 353 1975; x_wconf 92' lang='lat' dir='ltr'>in</span> <span class='ocrx_word' id='word_1_111' title='bbox 369 1912 556 1988; x_wconf 87' lang='lat' dir='ltr'>immensum,</span> <span class='ocrx_word' id='word_1_112' title='bbox 574 1911 630 1996; x_wconf 90' lang='lat' dir='ltr'>(sic</span> <span class='ocrx_word' id='word_1_113' title='bbox 645 1911 676 1972; x_wconf 88' lang='lat' dir='ltr'>dr</span> <span class='ocrx_word' id='word_1_114' title='bbox 690 1910 846 1996; x_wconf 89' lang='lat' dir='ltr'>statuistis)</span> <span class='ocrx_word' id='word_1_115' title='bbox 863 1927 892 1974; x_wconf 89' lang='lat' dir='ltr'>et</span> <span class='ocrx_word' id='word_1_116' title='bbox 908 1933 997 1976; x_wconf 87' lang='lat' dir='ltr'>omne</span> 
     </span>
    </p>

    <p class='ocr_par' dir='ltr' id='par_1_12' title="bbox 203 2007 1189 2093">
     <span class='ocr_line' id='line_1_17' title="bbox 203 2007 1189 2093; baseline 0.004 -21"><span class='ocrx_word' id='word_1_117' title='bbox 203 2007 285 2072; x_wconf 93' lang='lat' dir='ltr'>Cum</span> <span class='ocrx_word' id='word_1_118' title='bbox 300 2024 343 2073; x_wconf 91' lang='lat' dir='ltr'>tot</span> <span class='ocrx_word' id='word_1_119' title='bbox 357 2010 499 2074; x_wconf 88' lang='lat' dir='ltr'>sideribus</span> <span class='ocrx_word' id='word_1_120' title='bbox 513 2010 624 2074; x_wconf 86' lang='lat' dir='ltr'>coelum</span> <span class='ocrx_word' id='word_1_121' title='bbox 638 2009 784 2093; x_wconf 85' lang='lat' dir='ltr'>requievit</span> <span class='ocrx_word' id='word_1_122' title='bbox 797 2009 827 2072; x_wconf 89' lang='lat' dir='ltr'>in</span> <span class='ocrx_word' id='word_1_123' title='bbox 842 2009 903 2073; x_wconf 87' lang='lat' dir='ltr'>illo.</span> <span class='ocrx_word' id='word_1_124' title='bbox 1120 2012 1189 2076; x_wconf 77' lang='lat'>305</span> 
     </span>
    </p>
   </div>
   <div class='ocr_carea' id='block_1_4' title="bbox 392 2261 990 2304">
    <p class='ocr_par' dir='ltr' id='par_1_13' title="bbox 392 2261 990 2304">
     <span class='ocr_line' id='line_1_18' title="bbox 392 2261 990 2304; baseline 0.002 -1"><span class='ocrx_word' id='word_1_125' title='bbox 392 2261 533 2303; x_wconf 77' lang='lat' dir='ltr'>PBRSEOS</span> <span class='ocrx_word' id='word_1_126' title='bbox 557 2261 599 2302; x_wconf 76' lang='grc' dir='ltr'>ΕΤ</span> <span class='ocrx_word' id='word_1_127' title='bbox 621 2261 829 2304; x_wconf 73' lang='lat' dir='ltr'>ANDROMEDAE</span> <span class='ocrx_word' id='word_1_128' title='bbox 851 2262 990 2304; x_wconf 68' lang='lat' dir='ltr'>Nurum.</span> 
     </span>
    </p>
   </div>
   <div class='ocr_carea' id='block_1_5' title="bbox 631 2424 751 2486">
    <p class='ocr_par' dir='ltr' id='par_1_14' title="bbox 631 2424 751 2486">
     <span class='ocr_line' id='line_1_19' title="bbox 631 2424 751 2486; baseline 0.017 -3"><span class='ocrx_word' id='word_1_129' title='bbox 631 2443 661 2485; x_wconf 87' lang='lat' dir='ltr'>v.</span> <span class='ocrx_word' id='word_1_130' title='bbox 677 2424 751 2486; x_wconf 77' lang='lat'>662.</span> 
     </span>
    </p>
   </div>
   <div class='ocr_carea' id='block_1_6' title="bbox 196 2591 1183 3552">
    <p class='ocr_par' dir='ltr' id='par_1_15' title="bbox 196 2591 1183 3552">
     <span class='ocr_line' id='line_1_20' title="bbox 243 2591 992 2678; baseline 0.005 -22"><span class='ocrx_word' id='word_1_131' title='bbox 243 2592 399 2656; x_wconf 86' lang='lat' dir='ltr'>Clauserat</span> <span class='ocrx_word' id='word_1_132' title='bbox 414 2591 602 2678; x_wconf 81' lang='lat' dir='ltr'>Hippotades</span> <span class='ocrx_word' id='word_1_133' title='bbox 617 2607 725 2657; x_wconf 90' lang='lat' dir='ltr'>aetemo</span> <span class='ocrx_word' id='word_1_134' title='bbox 739 2616 856 2658; x_wconf 89' lang='lat' dir='ltr'>carcere</span> <span class='ocrx_word' id='word_1_135' title='bbox 872 2610 992 2678; x_wconf 86' lang='lat' dir='ltr'>ventos:</span> 
     </span>
     <span class='ocr_line' id='line_1_21' title="bbox 199 2691 934 2778; baseline 0 -22"><span class='ocrx_word' id='word_1_136' title='bbox 199 2691 437 2776; x_wconf 88' lang='lat' dir='ltr'>Admonitorque</span> <span class='ocrx_word' id='word_1_137' title='bbox 451 2712 576 2778; x_wconf 90' lang='lat' dir='ltr'>operum</span> <span class='ocrx_word' id='word_1_138' title='bbox 591 2693 670 2759; x_wconf 88' lang='lat' dir='ltr'>coelo</span> <span class='ocrx_word' id='word_1_139' title='bbox 684 2693 860 2756; x_wconf 88' lang='lat' dir='ltr'>clarissimus</span> <span class='ocrx_word' id='word_1_140' title='bbox 875 2693 934 2756; x_wconf 88' lang='lat' dir='ltr'>alto</span> 
     </span>
     <span class='ocr_line' id='line_1_22' title="bbox 200 2789 980 2876; baseline 0.001 -23"><span class='ocrx_word' id='word_1_141' title='bbox 200 2789 322 2854; x_wconf 84' lang='lat' dir='ltr'>Lucifer</span> <span class='ocrx_word' id='word_1_142' title='bbox 336 2807 416 2855; x_wconf 91' lang='lat' dir='ltr'>ortus</span> <span class='ocrx_word' id='word_1_143' title='bbox 430 2805 503 2855; x_wconf 87' lang='lat' dir='ltr'>erat.</span> <span class='ocrx_word' id='word_1_144' title='bbox 548 2790 660 2855; x_wconf 89' lang='lat' dir='ltr'>Pennis</span> <span class='ocrx_word' id='word_1_145' title='bbox 675 2793 745 2876; x_wconf 86' lang='lat' dir='ltr'>ligat</span> <span class='ocrx_word' id='word_1_146' title='bbox 761 2791 809 2854; x_wconf 90' lang='lat' dir='ltr'>ille</span> <span class='ocrx_word' id='word_1_147' title='bbox 824 2790 980 2874; x_wconf 90' lang='lat' dir='ltr'>resumptis</span> 
     </span>
     <span class='ocr_line' id='line_1_23' title="bbox 199 2887 1038 2975; baseline 0 -24"><span class='ocrx_word' id='word_1_148' title='bbox 199 2887 289 2952; x_wconf 89' lang='lat' dir='ltr'>Parte</span> <span class='ocrx_word' id='word_1_149' title='bbox 305 2891 342 2952; x_wconf 87' lang='lat' dir='ltr'>ab</span> <span class='ocrx_word' id='word_1_150' title='bbox 357 2891 481 2975; x_wconf 67' lang='lat' dir='ltr'>utrique</span> <span class='ocrx_word' id='word_1_151' title='bbox 498 2890 609 2974; x_wconf 88' lang='lat' dir='ltr'>pedes;</span> <span class='ocrx_word' id='word_1_152' title='bbox 631 2891 750 2974; x_wconf 90' lang='lat' dir='ltr'>teloque</span> <span class='ocrx_word' id='word_1_153' title='bbox 766 2888 929 2971; x_wconf 85' lang='lat' dir='ltr'>adciugitur</span> <span class='ocrx_word' id='word_1_154' title='bbox 943 2908 1038 2951; x_wconf 90' lang='lat' dir='ltr'>unco:</span> 
     </span>
     <span class='ocr_line' id='line_1_24' title="bbox 199 2985 1183 3069; baseline 0.006 -22"><span class='ocrx_word' id='word_1_155' title='bbox 199 2985 240 3047; x_wconf 82' lang='lat' dir='ltr'>Et</span> <span class='ocrx_word' id='word_1_156' title='bbox 256 2987 397 3069; x_wconf 91' lang='lat' dir='ltr'>liquidum</span> <span class='ocrx_word' id='word_1_157' title='bbox 412 2989 499 3050; x_wconf 91' lang='lat' dir='ltr'>motis</span> <span class='ocrx_word' id='word_1_158' title='bbox 513 2988 650 3050; x_wconf 85' lang='lat' dir='ltr'>talaribus</span> <span class='ocrx_word' id='word_1_159' title='bbox 665 2993 733 3050; x_wconf 84' lang='lat' dir='ltr'>ai&#39;ra</span> <span class='ocrx_word' id='word_1_160' title='bbox 748 2987 841 3050; x_wconf 85' lang='lat' dir='ltr'>findit.</span> <span class='ocrx_word' id='word_1_161' title='bbox 1116 2989 1183 3053; x_wconf 82' lang='lat'>31⁰</span> 
     </span>
     <span class='ocr_line' id='line_1_25' title="bbox 198 3082 987 3168; baseline 0.001 -25"><span class='ocrx_word' id='word_1_162' title='bbox 198 3082 345 3145; x_wconf 88' lang='lat' dir='ltr'>Gentibus</span> <span class='ocrx_word' id='word_1_163' title='bbox 360 3082 521 3145; x_wconf 81' lang='lat' dir='ltr'>innumeris</span> <span class='ocrx_word' id='word_1_164' title='bbox 535 3085 705 3166; x_wconf 75' lang='lat' dir='ltr'>circumque</span> <span class='ocrx_word' id='word_1_165' title='bbox 721 3084 853 3168; x_wconf 74' lang='lat' dir='ltr'>inlriqne</span> <span class='ocrx_word' id='word_1_166' title='bbox 869 3082 987 3160; x_wconf 85' lang='lat' dir='ltr'>relictis,</span> 
     </span>
     <span class='ocr_line' id='line_1_26' title="bbox 198 3179 935 3264; baseline 0.001 -21"><span class='ocrx_word' id='word_1_167' title='bbox 198 3180 375 3264; x_wconf 82' lang='lat' dir='ltr'>AEtbiopum</span> <span class='ocrx_word' id='word_1_168' title='bbox 392 3181 528 3262; x_wconf 92' lang='lat' dir='ltr'>populos,</span> <span class='ocrx_word' id='word_1_169' title='bbox 543 3179 682 3260; x_wconf 86' lang='lat' dir='ltr'>Cepheia</span> <span class='ocrx_word' id='word_1_170' title='bbox 696 3183 840 3262; x_wconf 90' lang='lat' dir='ltr'>conspicit</span> <span class='ocrx_word' id='word_1_171' title='bbox 855 3205 935 3246; x_wconf 84' lang='lat' dir='ltr'>arva.</span> 
     </span>
     <span class='ocr_line' id='line_1_27' title="bbox 240 3277 920 3360; baseline 0.006 -22"><span class='ocrx_word' id='word_1_172' title='bbox 240 3277 305 3339; x_wconf 91' lang='lat' dir='ltr'>lllic</span> <span class='ocrx_word' id='word_1_173' title='bbox 320 3277 495 3340; x_wconf 85' lang='lat' dir='ltr'>immeritam</span> <span class='ocrx_word' id='word_1_174' title='bbox 509 3290 648 3338; x_wconf 49' lang='lat' dir='ltr'>motem-e</span> <span class='ocrx_word' id='word_1_175' title='bbox 665 3278 794 3358; x_wconf 88' lang='lat' dir='ltr'>pendere</span> <span class='ocrx_word' id='word_1_176' title='bbox 810 3279 920 3360; x_wconf 80' lang='lat' dir='ltr'>linguae</span> 
     </span>
     <span class='ocr_line' id='line_1_28' title="bbox 199 3372 961 3456; baseline 0 -18"><span class='ocrx_word' id='word_1_177' title='bbox 199 3374 408 3440; x_wconf 79' lang='lat' dir='ltr'>Andromedan</span> <span class='ocrx_word' id='word_1_178' title='bbox 427 3394 529 3456; x_wconf 85' lang='lat' dir='ltr'>poenas</span> <span class='ocrx_word' id='word_1_179' title='bbox 545 3373 663 3434; x_wconf 90' lang='lat' dir='ltr'>immitis</span> <span class='ocrx_word' id='word_1_180' title='bbox 676 3372 801 3456; x_wconf 88' lang='lat' dir='ltr'>jusserat</span> <span class='ocrx_word' id='word_1_181' title='bbox 817 3377 961 3438; x_wconf 88' lang='lat' dir='ltr'>Ammon.</span> 
     </span>
     <span class='ocr_line' id='line_1_29' title="bbox 196 3469 1179 3552; baseline -0.002 -20"><span class='ocrx_word' id='word_1_182' title='bbox 196 3474 299 3546; x_wconf 79' lang='lat' dir='ltr'>Quam</span> <span class='ocrx_word' id='word_1_183' title='bbox 314 3471 400 3534; x_wconf 90' lang='lat' dir='ltr'>simul</span> <span class='ocrx_word' id='word_1_184' title='bbox 415 3470 452 3532; x_wconf 87' lang='lat' dir='ltr'>ad</span> <span class='ocrx_word' id='word_1_185' title='bbox 468 3469 554 3532; x_wconf 80' lang='lat' dir='ltr'>duras</span> <span class='ocrx_word' id='word_1_186' title='bbox 569 3469 721 3552; x_wconf 83' lang='lat' dir='ltr'>religatam</span> <span class='ocrx_word' id='word_1_187' title='bbox 737 3470 856 3531; x_wconf 80' lang='lat' dir='ltr'>brachia</span> <span class='ocrx_word' id='word_1_188' title='bbox 870 3485 971 3531; x_wconf 87' lang='lat' dir='ltr'>cautes</span> <span class='ocrx_word' id='word_1_189' title='bbox 1113 3477 1179 3540; x_wconf 82' lang='lat'>315</span> 
     </span>
    </p>
   </div>
   <div class='ocr_carea' id='block_1_7' title="bbox 197 3566 950 3652">
    <p class='ocr_par' dir='ltr' id='par_1_16' title="bbox 197 3566 950 3652">
     <span class='ocr_line' id='line_1_30' title="bbox 197 3566 950 3652; baseline -0.001 -20"><span class='ocrx_word' id='word_1_190' title='bbox 197 3569 280 3634; x_wconf 93' lang='lat' dir='ltr'>Vidit</span> <span class='ocrx_word' id='word_1_191' title='bbox 295 3567 480 3634; x_wconf 88' lang='lat' dir='ltr'>Abantiades</span> <span class='ocrx_word' id='word_1_192' title='bbox 489 3589 498 3646; x_wconf 88' lang='lat'>;</span> <span class='ocrx_word' id='word_1_193' title='bbox 521 3567 571 3648; x_wconf 87' lang='lat' dir='ltr'>ait,</span> <span class='ocrx_word' id='word_1_194' title='bbox 587 3567 635 3632; x_wconf 93' lang='lat' dir='ltr'>‘O</span> <span class='ocrx_word' id='word_1_195' title='bbox 651 3589 709 3632; x_wconf 91' lang='lat' dir='ltr'>non</span> <span class='ocrx_word' id='word_1_196' title='bbox 725 3567 814 3652; x_wconf 84' lang='lat' dir='ltr'>digna</span> <span class='ocrx_word' id='word_1_197' title='bbox 827 3566 950 3646; x_wconf 85' lang='lat' dir='ltr'>catenis,</span> 
     </span>
    </p>
   </div>
   <div class='ocr_carea' id='block_1_8' title="bbox 0 0 1290 4242">
    <p class='ocr_par' dir='ltr' id='par_1_17' title="bbox 0 0 1290 4242">
     <span class='ocr_line' id='line_1_31' title="bbox 0 0 1290 4242; baseline 0 3"><span class='ocrx_word' id='word_1_198' title='bbox 0 0 1290 4242; x_wconf 95' lang='lat' dir='ltr'> </span> 
     </span>
    </p>
   </div>
  </div>
 </body>
</html>
