2568 4248
529 419 637 470 crees
656 417 730 470 xur.
1062 425 1124 490 lto

183 567 300 632 littore
315 567 460 632 'I'hreicio
473 569 598 634 classem
614 570 748 654 religimt
763 572 894 650 Atrides,

139 663 227 730 Dum
240 686 322 729 mere
337 680 487 750 pecatum,
502 665 574 730 dum
589 680 693 731 ventus
703 669 823 732 amicior
836 683 925 734 essct.
1056 673 1122 742 U

140 762 205 827 Hic
218 763 326 842 subito,
343 779 480 849 quantus,
494 765 563 828 crim
582 766 705 844 viveret,
720 787 784 830 esse
799 768 925 848 solebat,

141 860 218 924 Exit
231 861 323 924 humo
337 861 397 924 let‘e
412 861 510 945 rupti,
524 862 684 948 similisque
700 863 818 941 minaci,

140 957 303 1042 Temporis
317 959 394 1021 iliius
409 959 521 1022 vultum
537 957 682 1024 rescrebat
697 960 875 1038 Achilles,›.

143 1054 219 1129 Quo
232 1055 311 1119 ierus
325 1056 433 1142 injusto
447 1057 532 1141 petiit
545 1058 775 1141 Agamemnona
788 1057 876 1124 ferro.

143 1152 415 1239 ‘Immemoresquc
430 1155 490 1218 mei
505 1155 674 1234 disceditis,’
690 1155 794 1239 inquit,
810 1163 819 1194 ‘
828 1155 961 1223 Achivi?
1057 1161 1122 1228 44)

141 1250 318 1336 Obrutsque
333 1264 378 1314 est
391 1273 510 1316 mecum
525 1253 638 1316 virtutis
651 1253 744 1337 gratie
757 1256 884 1319 cosmi

143 1347 194 1413 Nc
208 1347 313 1412 facite:
336 1361 429 1434 utque
442 1371 544 1420 meum
559 1371 618 1414 nou
633 1350 671 1414 sit
684 1350 748 1415 siue
762 1351 875 1416 honore
888 1351 1070 1440 sepulcrum,

142 1445 251 1510 Placet
265 1446 419 1510 Achilleos
434 1461 563 1512 mactate
576 1446 736 1531 Polyxena
751 1449 877 1518 maures,²

188 1543 292 1608 Dixit:
315 1557 357 1623 et,
371 1545 475 1608 immiti
489 1545 575 1610 sociis
589 1545 759 1630 perentibus
773 1546 895 1626 umbre,

142 1640 247 1724 Rapta
260 1637 325 1704 sinu
340 1642 450 1721 metris,
465 1663 555 1727 quem
564 1641 627 1729 jem
642 1643 736 1728 prope
751 1643 814 1708 sole
827 1643 958 1724 socchot,
1054 1645 1121 1714 445

142 1737 254 1816 Fortis,
268 1751 299 1802 et
313 1739 426 1828 ipselix,
440 1753 472 1804 et
485 1741 643 1826 plusquam
657 1740 790 1819 immina,
804 1741 887 1825 virgo
924 1807 931 1818 ,

142 1835 274 1900 Ducitur
286 1837 324 1900 ud
339 1838 495 1916 tumulum,
511 1838 632 1924 diroque
646 1839 679 1902 fit
693 1838 788 1902 hostie
801 1837 899 1902 busto.

142 1932 224 2006 Quo
240 1955 354 1997 memor
367 1935 431 2018 ipsa
445 1937 501 2013 sui,
518 1953 675 2024 postquam
689 1935 858 2000 crudelibus
871 1933 929 2000 sris

143 2031 277 2095 Admota
291 2045 337 2095 est
345 2053 354 2110 ;
375 2033 526 2118 sensitque
540 2034 595 2098 sibi
610 2032 672 2097 sere
685 2053 769 2097 secra
783 2032 897 2117 perurit
952 2095 957 2102 .

143 2127 248 2212 thue
265 2127 497 2213 Neoptolemum
510 2145 649 2208 stantem,
664 2129 835 2214 ferrumque
849 2140 1013 2210 tenentem,
1054 2129 1123 2198 450

143 2225 240 2311 Inque
254 2247 309 2290 suo
322 2226 395 2292 vidit
408 2228 549 2311 figentem
562 2229 675 2292 lumine
690 2228 773 2292 vultu
784 2248 794 2303 ;

145 2325 259 2387 ‘Utere
269 2324 446 2409 jamdudum
461 2347 606 2409 generoso
619 2324 783 2411 snguine?
798 2323 892 2388 dixit:

144 2421 257 2486 ‘Nulla
270 2443 353 2486 moro
366 2436 422 2487 cst.
467 2424 510 2488 Ar
524 2439 556 2488 tu
567 2424 682 2510 jugulo,
699 2423 746 2488 vel
762 2435 894 2508 pectore,
908 2421 1002 2488 tolum

144 2519 254 2584 Conde
267 2519 365 2584 mcoz'
383 2521 580 2606 jugulumque
595 2522 681 2586 simrrl
697 2535 863 2610 pectusque
876 2519 998 2586 retexit.

22 2633 25 2640 ’
144 2618 286 2682 ‘Scilicet
300 2632 351 2682 aut
365 2619 416 2682 ulli
430 2619 539 2682 servire
553 2618 714 2704 Polyxena
727 2617 845 2696 serrem,
1056 2615 1123 2682 455

143 2717 209 2778 Aut
223 2737 278 2800 per
292 2717 350 2780 tolo
365 2737 481 2780 sacrum
494 2739 605 2780 numen
620 2715 784 2801 placebitur
798 2714 913 2778 uliumo

144 2812 228 2876 Mors
246 2814 358 2878 tantiun
373 2813 483 2878 vellem
497 2827 622 2878 mauem
637 2833 705 2876 mcc
719 2811 820 2874 ssiiere
839 2820 951 2892 posset.

143 2909 247 2974 Mater
260 2912 363 2990 obest3
385 2912 549 2997 minuitque
565 2911 647 2974 necis
661 2909 733 2972 mihi
746 2905 869 2991 gaudie:
893 2901 1029 2990 φωνὴ

143 3007 174 3070 N
176 3031 215 3071 on
229 3031 297 3073 mea
311 3031 390 3073 mors
405 3010 456 3088 illi,
471 3011 575 3073 veriun
586 3029 640 3072 sus
654 3008 714 3072 vite
727 3002 875 3090 gemendo
895 3014 952 3067 cst.

144 3105 210 3169 Vos
224 3107 326 3185 modo,
341 3128 380 3172 ne
395 3107 516 3191 Stygios
530 3107 635 3170 adeam
650 3127 710 3170 non
724 3104 816 3168 libers
831 3121 946 3182 menes,
1032 3143 1037 3150 -
1058 3095 1125 3164 Μ

143 3201 217 3266 Este
233 3205 337 3288 procul
346 3226 355 3282 ;
376 3204 400 3268 si
411 3204 493 3290 juste
507 3219 595 3289 peto:
619 3217 760 3288 tactuque
775 3199 874 3264 viriles

143 3281 289 3385 Virgiueo
302 3317 456 3365 removete
470 3323 593 3365 manus:
616 3299 767 3384 acceptior
780 3298 832 3376 illi,

141 3399 289 3485 Quisquis
303 3400 328 3463 is
343 3414 398 3478 cst,
414 3421 503 3486 quem
517 3399 604 3464 caede
617 3397 687 3462 mei
700 3399 817 3484 piscare
832 3393 951 3481 peratis,
960 3437 1010 3452 --

141 3497 236 3564 Liber
249 3498 305 3562 crit
319 3499 447 3582 saogms
492 3497 525 3562 Si
540 3519 613 3584 quos
628 3511 727 3561 tamen
737 3495 841 3558 ultima
854 3489 946 3557 nostri

144 3593 225 3660 Vota
238 3609 363 3662 movent
377 3596 454 3676 oris;
477 3595 588 3660 Priami
604 3617 656 3660 vos
669 3595 730 3659 filie
744 3591 832 3675 regis,
1061 3577 1128 3645 455
