2568 4248
537 409 642 460 trusa
665 409 711 458 xl.
1049 403 1103 462 lll

127 559 241 642 Surge,
255 580 328 641 age:
351 557 390 622 da
403 559 566 642 lacrymas3
587 559 778 642 lugubriaque
793 557 899 622 indue:
921 580 980 624 uec
993 578 1043 624 me

127 653 358 740 Indeploratum
372 656 427 718 sub
441 655 538 718 inania
551 653 676 718 Tartara
689 655 794 718 mitte.’

128 751 247 838 Adjicit
261 753 307 816 his
321 774 427 814 vocem
441 750 625 835 Morpheus3
648 774 736 837 quam
750 752 882 837 conjugis
897 754 947 816 illa

130 849 281 913 Crederet
296 871 362 912 esse
377 851 433 912 sui.
477 849 582 912 Fletus
597 871 714 934 quoque
729 849 851 913 sundere
867 873 952 916 vetos

137 946 227 1010 Visus
242 962 320 1011 erat:
343 961 518 1031 gestumque
533 969 636 1010 manus
652 946 764 1030 Ceycis
778 946 936 1012 habebant.
1044 952 1110 1016 310

180 1043 322 1128 [ingemit
336 1043 493 1127 Halcyone
508 1045 683 1128 lacrymans,
698 1057 849 1128 metatque
864 1045 989 1110 lacertos

132 1140 197 1204 Per
210 1163 363 1204 murnum:
386 1161 552 1225 corpusque
569 1155 673 1224 petens
687 1139 873 1226 amplectitur
887 1163 988 1208 auras:

133 1237 364 1322 Exclarnatque,
381 1236 503 1302 ‘Mane
548 1237 622 1312 Qud
637 1252 667 1301 te
681 1238 780 1322 rapis?
802 1239 908 1304 ibimus
923 1234 1022 1324 una’]

135 1334 223 1398 Voce
238 1336 293 1413 sui,
307 1336 467 1420 specieque
482 1335 547 1413 viri,
562 1335 675 1398 turbata
688 1355 825 1418 soporem

134 1432 278 1495 Excutit:
302 1446 332 1496 et
346 1433 442 1516 primti
456 1432 480 1496 si
495 1433 532 1496 sit
545 1432 744 1516 circumspicit
758 1433 827 1510 illic,
1044 1435 1110 1498 315

134 1529 200 1604 Qui
215 1528 304 1590 modi)
319 1530 398 1592 visus
414 1543 485 1592 erat.
530 1527 610 1592 Nam
624 1529 696 1593 moti
711 1551 785 1592 voce
799 1530 921 1596 ministri

119 1625 300 1688 intulerant
312 1627 423 1690 lumen.
468 1625 630 1711 Postquam
645 1649 703 1690 uon
719 1627 830 1691 invenit
844 1649 987 1714 usquam

133 1722 270 1787 Percutit
284 1745 335 1786 ora
348 1745 455 1786 manu:
478 1723 626 1809 laniatque
641 1746 659 1787 a
674 1739 793 1808 pectore
808 1739 921 1788 vestes:

134 1821 323 1905 Pectoraque
338 1821 402 1904 ipsa
416 1819 491 1883 serit.
535 1819 603 1884 Noc
617 1821 729 1884 crinem
743 1822 857 1886 solvere
871 1835 974 1899 curat,

134 1919 266 1981 Scindit:
290 1932 320 1981 et
334 1918 436 1996 altrici,
451 1939 515 2002 que
529 1918 625 1982 luctds
639 1939 738 1996 causa,
752 1921 876 2002 roganti,
1045 1921 1111 1986 330

134 2014 247 2078 ‘Nulla
260 2029 306 2079 est
320 2015 489 2100 Halcyone,
503 2016 583 2078 nulla
597 2016 662 2093 est,’
678 2017 736 2094 ait;
759 2017 884 2080 ‘occidit
898 2015 958 2080 uni

134 2112 218 2176 Cum
233 2112 340 2198 Ce'yce
354 2136 419 2176 suo.
464 2113 595 2177 Solantia
610 2113 703 2176 tollite
718 2113 819 2176 verba.

134 2210 305 2294 Naufragus
319 2212 437 2276 interiit.
480 2210 563 2289 Vidi,
579 2211 762 2298 agnovique3
784 2230 948 2296 manusque

137 2309 189 2372 Ad
204 2309 417 2388 discedentem,
432 2309 555 2393 cupiens
569 2309 705 2388 retinere,
721 2309 843 2372 tetendi.

137 2405 252 2470 Umbra
266 2407 357 2490 fugit:
380 2406 433 2470 sed
448 2421 478 2469 et
492 2406 595 2468 umbra
610 2420 706 2470 tamen
721 2405 885 2484 manifeste,
901 2405 1013 2492 virique
1046 2407 1111 2472 ³25

135 2503 219 2566 Vera
233 2505 302 2567 mel.
347 2503 417 2567 Nou
432 2503 480 2566 ille
496 2503 625 2587 quidem,
640 2503 664 2566 si
679 2503 793 2588 queris,
808 2503 936 2568 habebat

134 2601 287 2664 Adsuetos
302 2603 417 2665 vultus:
441 2622 508 2677 nec,
523 2621 583 2686 quo
597 2601 677 2685 pride
691 2622 753 2680 ore,
767 2601 889 2666 nitebat.
904 2645 927 2662 ..

134 2699 316 2776 Pallentem,
331 2699 514 2783 nudumque,
529 2713 559 2761 et
574 2699 671 2762 adhuc
685 2700 827 2762 humente
841 2697 949 2781 capillo

135 2796 243 2860 infelix
260 2797 336 2860 ridi:
359 2797 440 2859 stetit
454 2797 512 2858 hoc
526 2796 696 2858 miserabilis
710 2795 774 2878 ipso

135 2894 219 2958 Ecce
234 2896 301 2958 loco
311 2895 329 2957 :’
353 2907 383 2957 et
399 2894 511 2978 quaerit,
525 2894 649 2974 vestigia
662 2892 688 2954 si
702 2912 761 2976 qua
774 2890 931 2974 supersint.
1047 2891 1113 2956 330

135 2991 224 3055 ‘Hoc
240 3007 313 3069 erat,
328 2993 386 3054 hoc
401 2991 499 3054 animo
515 2989 594 3074 quod
608 2989 757 3052 divinante
772 2987 931 3065 timebam3

135 3090 176 3154 Et
191 3111 241 3167 ne,
257 3109 305 3152 me
320 3088 446 3172 firgienS,
461 3100 565 3150 ventos
579 3107 736 3170 sequerere
749 3086 909 3169 rogabam?

136 3189 178 3250 At
193 3187 275 3250 certe
291 3186 411 3263 vellem,
426 3184 563 3271 quoniam
579 3185 723 3268 periturus
738 3183 849 3261 abibas,

134 3283 189 3347 Me
204 3305 324 3368 quoque
340 3283 486 3346 duxisses.
530 3281 648 3345 Tecum
663 3282 716 3344 suit
730 3281 813 3359 utile,
827 3296 927 3345 tecum

134 3381 181 3444 Ire
197 3381 281 3446 mihi.
325 3380 435 3466 Neque
450 3380 530 3443 euim
544 3380 582 3442 de
598 3381 663 3442 vitae
678 3393 812 3462 tempore
827 3379 988 3466 quidquam
1048 3379 1113 3444 335

134 3479 204 3544 Non
218 3479 307 3542 simul
322 3479 465 3562 egissem:
488 3499 544 3540 nec
557 3497 636 3540 mors
650 3459 775 3539 discreta
789 3475 901 3540 suisset.

136 3575 224 3641 Nunc
240 3577 347 3639 absens
362 3597 462 3660 pereo,
474 3574 569 3658 jactor
583 3594 661 3636 nunc
676 3572 813 3636 fluctibus
828 3571 951 3634 absens:
