2572 4242
505 415 611 468 arene
630 419 665 468 n.
1029 419 1073 482 25

103 569 221 652 Frgnora
233 582 316 632 certa
330 569 417 651 petis.
463 567 515 632 Do
530 569 652 652 pignora
666 583 746 633 certa
761 571 910 635 timendo:
1030 575 1073 638 m

104 667 141 730 Et
153 667 242 752 patrio
257 680 342 751 pater
356 687 422 730 esse
436 681 518 730 metu
534 667 651 750 probor.
696 667 830 750 Adspice
845 669 944 733 vultus

102 765 177 828 Fece
191 787 291 828 meos:
314 766 485 849 utinamque
501 765 603 828 oculos
618 767 647 828 in
662 781 783 849 pectora
799 789 901 851 possea

102 861 236 940 inserere,
252 877 282 926 et
297 863 406 947 patrias
420 864 498 925 intus
513 864 696 946 deprendere
709 866 813 928 ouras!

101 960 244 1046 Denique,
259 961 401 1046 quidquid
417 961 506 1024 habet
522 961 615 1038 dives,
631 963 835 1045 circumspice,
850 963 996 1026 mundus:

100 1059 183 1143 Eque
196 1073 239 1122 tot
254 1081 289 1122 ao
303 1059 391 1122 tantis
404 1059 485 1135 eoeti,
499 1072 655 1143 terreque,
669 1061 816 1144 marisque
1029 1063 1072 1126 95

99 1156 190 1220 Posce
203 1158 288 1220 bonis
303 1157 430 1240 aliquid:
454 1157 563 1220 nullam
580 1159 692 1240 patiere
707 1158 868 1241 repulsam.

98 1253 249 1338 Deprecor
262 1257 319 1318 hoo
334 1276 445 1332 unum;
467 1255 546 1339 quod
562 1275 633 1316 vero
647 1257 767 1317 nomine
782 1276 882 1338 poena,

97 1351 164 1415 Non
179 1353 271 1416 honor
284 1368 339 1416 est.
386 1352 524 1427 Poenam,
539 1351 709 1430 Phaethon,
725 1371 779 1436 pru
792 1373 926 1430 munere,
941 1351 1048 1438 poecis.

67 1470 85 1505 x
97 1449 177 1525 Quid
192 1473 258 1514 mea
271 1451 350 1515 colla
363 1466 448 1514 tenes
463 1451 587 1527 blandis,
601 1452 713 1533 ignare,
728 1450 843 1514 lacertis
852 1453 874 1514 ἓ.

95 1548 143 1612 Ne
158 1549 268 1626 dubita,
283 1549 399 1612 dabitur
415 1549 549 1634 (Stygias
560 1548 724 1634 juravimus
738 1547 847 1634 undas)
1009 1553 1071 1613 100

95 1645 304 1732 Quodcunque
319 1647 449 1732 optaris:
472 1646 525 1709 sed
540 1661 571 1710 tu
586 1647 747 1730 sapientius
762 1648 854 1730 opta!

136 1744 267 1808 Finierat
281 1745 420 1807 monitus.
466 1744 563 1808 Dictis
579 1759 676 1807 tamen
692 1745 741 1806 iile
757 1765 919 1828 repugnat:

92 1841 339 1926 Propositumque
354 1857 452 1905 tenet:
476 1842 638 1927 flagratque
652 1843 791 1925 cupidine
806 1841 919 1905 cuntis.

91 1939 183 2022 Ergo,
199 1941 259 2024 qud
271 1941 356 2003 licuit
369 1941 483 2022 genitor
496 1955 661 2016 cunctatus,
677 1940 714 2002 ad
730 1941 804 2002 aitos

90 2037 222 2100 Deducit
233 2038 388 2122 juvenem,
405 2037 552 2100 Vulcania
566 2059 700 2114 munera,
715 2059 827 2100 currus.
1008 2039 1069 2103 100

88 2135 209 2198 Aureus
224 2137 289 2198 axis
304 2149 376 2212 erat,
391 2152 472 2198 temo
487 2157 603 2212 aureus,
619 2156 708 2198 aurea
722 2157 844 2198 summe

88 2232 259 2296 Curvatura
272 2249 362 2310 τοίως
384 2234 531 2296 radiorum
546 2249 703 2316 argenteus
718 2234 801 2296 ordo.

86 2331 151 2392 Per
160 2331 233 2416 juga
246 2332 430 2415 chrysolithi,
445 2331 606 2416 positeque
621 2353 661 2394 ex
676 2331 778 2394 ordine
793 2353 930 2414 gemme,

85 2428 180 2492 Clara
194 2451 369 2512 repercusso
383 2429 545 2492 reddebant
559 2430 670 2492 lumina
685 2429 814 2492 Phoebo.

83 2526 233 2611 Dumque
248 2547 285 2588 ea
299 2527 502 2609 magnanimus
517 2527 677 2590 Phaethon
691 2528 822 2605 miratur,
837 2547 973 2612 opusque
1007 2530 1069 2592 110

83 2625 254 2708 Perspicit:
279 2645 352 2687 ecce
368 2625 436 2706 vigil
452 2625 538 2687 rutilo
553 2624 694 2709 patefecit
708 2626 746 2688 ab
761 2641 825 2688 ortu

81 2721 259 2805 Purpureas
273 2723 391 2784 Aurora
406 2722 492 2799 sores,
507 2737 538 2786 et
553 2724 642 2806 plena
656 2745 787 2786 rosarum

79 2820 184 2882 Atria.
231 2819 401 2901 Diffugiunt
415 2821 525 2883 stella:
550 2842 672 2905 quarum
689 2821 806 2902 agmina
819 2821 898 2903 cogit

78 2916 221 2993 Lucifer,
237 2932 267 2980 et
281 2917 352 2980 coeli
367 2919 492 2980 statione
506 2919 682 2980 novissimus
698 2919 771 2980 exit.

123 3016 172 3078 At
188 3029 275 3098 pater
288 3030 323 3076 ut
338 3030 439 3091 terras,
454 3016 658 3099 mundumque
673 3017 827 3078 rebescere
844 3015 925 3093 vidit,
1008 3017 1069 3081 115

77 3113 271 3196 Cornuaque
287 3126 428 3175 extremae
444 3113 525 3176 velut
540 3135 719 3176 evanescere
733 3114 829 3190 lunae;

74 3211 219 3294 Jungere
234 3232 329 3295 equos
344 3209 437 3273 Trtan
452 3212 602 3275 velocibus
617 3212 743 3295 imperat
759 3211 859 3274 Horis.

73 3309 171 3373 Jussa
186 3311 253 3372 deae
267 3309 382 3372 celeres
398 3325 558 3392 peragunt:
582 3311 740 3392 ignemque
754 3321 921 3385 vomentes,

74 3408 250 3470 Ambrosie
265 3429 358 3468 succo
372 3421 495 3482 saturne,
512 3408 690 3490 praesepibus
704 3407 770 3469 altis

74 3504 309 3589 Quadrupedes
325 3504 456 3579 ducunt3
479 3505 648 3588 adduntque
664 3504 796 3567 sonantia
812 3502 910 3566 sraena.
1009 3500 1071 3562 100

117 3605 208 3667 Tum
225 3619 313 3687 pater
327 3623 380 3664 ora
394 3603 439 3664 sui
454 3623 538 3664 suero
553 3603 749 3666 medicamine
764 3601 830 3688 nati
