2572 4242
177 391 221 454 60
489 393 836 448 munourfloeeorr

127 601 130 610 .
177 545 295 631 Stipite,
310 545 360 630 qui
373 543 473 610 medii
486 545 599 630 positus
614 543 743 608 fumabat
757 544 787 606 in
803 543 882 622 auli,

177 643 328 723 Perculit:
349 657 380 707 et
395 641 491 708 fractis
505 641 638 706 confudit
652 641 681 705 in
696 641 808 705 ossibus
823 663 900 709 oran

178 739 333 805 Hunc‘ubi
347 740 480 803 laudatos
490 738 653 824 jactantem
667 740 697 801 in
711 738 853 821 sanguine
870 739 969 804 vultus

177 836 318 921 Assyrius
332 837 403 901 vidit
418 836 565 921 Lycabas,
576 835 777 921 junctissimus
791 835 833 899 illi
1120 839 1172 904 60

178 931 220 998 Et
234 955 345 1012 comes,
360 949 391 999 et
412 933 474 997 veri
488 955 546 996 non
561 933 756 996 dissimulator
770 932 897 1010 amoris;

178 1031 342 1116 Postquam
357 1031 545 1096 exhalantem
559 1031 614 1093 sub
628 1029 735 1093 acerbo
750 1030 872 1093 vulnere
887 1030 979 1094 vitum

178 1127 354 1213 Deploravit
369 1129 483 1204 Athin3
506 1149 579 1212 quos
593 1127 642 1190 ille
657 1127 833 1204 tetenderat,
848 1149 933 1190 arcus

178 1226 317 1309 nortpu3
338 1240 380 1302 et,
395 1233 404 1263 ‘
420 1225 544 1288 Mecum
559 1224 610 1286 tibi
624 1225 683 1286 sint
697 1224 879 1301 certamina:
895 1224 988 1287 dixit:

179 1321 225 1384 ‘N
229 1343 265 1384 ec
280 1322 397 1404 longbm
414 1321 495 1404 pueri
510 1319 570 1382 lato
583 1321 739 1397 laetabere;
762 1342 821 1405 quo
836 1321 903 1404 plus
1117 1323 1167 1386 65

105 1423 109 1440 ’
177 1417 310 1493 invidie,
324 1419 413 1501 quiam
427 1417 532 1493 laudis,
547 1417 660 1480 habes.’
705 1416 781 1481 Haec
795 1419 895 1480 omnia
908 1418 1043 1482 nondum

180 1511 323 1577 Dixerat:
346 1515 467 1577 emicuit
481 1535 572 1578 nervo
586 1514 769 1598 penetrabile
784 1515 894 1578 telum:

179 1609 384 1694 Vitatumque,
399 1625 497 1673 tamen
514 1611 632 1673 sinuosi
646 1626 729 1674 veste
745 1613 898 1696 pependit.
1011 1680 1016 1691 ,

141 1777 147 1794 ‚
179 1705 278 1770 Vertit
293 1709 320 1770 in
336 1707 415 1771 bunc
430 1708 552 1792 harpen,
566 1721 732 1790 spectatam
746 1710 827 1772 cede
842 1708 990 1787 Medusa,

148 1798 153 1807 ¹
178 1803 407 1883 Acrisioniades,
422 1804 571 1890 adimique
585 1806 614 1868 in
630 1819 746 1888 pectus.
791 1806 836 1871 At
850 1807 899 1870 ille
1116 1811 1166 1874 'to

178 1899 247 1963 Jam
262 1902 400 1978 moriens,
414 1902 506 1966 oculis
520 1903 575 1965 sub
590 1916 677 1966 nocte
692 1904 858 1966 natantibus
873 1904 946 1983 atri,

178 1997 399 2083 Circumspexit
414 1999 525 2064 Athin:
548 2021 640 2084 seque
654 1999 813 2063 adclinavit
827 2001 856 2064 in
871 2002 953 2066 illum
966 2024 974 2065 :

179 2093 221 2158 Et
235 2094 301 2158 tulit
315 2096 353 2159 ad
367 2118 468 2160 manes
478 2096 588 2183 juncte
602 2096 705 2160 solede
718 2099 830 2160 mortis.

223 2191 289 2255 Nec
303 2192 435 2258 Phineus
450 2216 537 2258 ausus
551 2216 724 2258 concurrere
738 2196 871 2260 corninus
886 2197 974 2276 hosti,

179 2288 331 2370 intorquet
341 2289 491 2374 jaculum:
515 2291 594 2374 quod
609 2292 713 2355 detulit
727 2315 807 2357 error
820 2293 850 2357 in
867 2294 952 2372 Idan,
1115 2297 1162 2361 75

179 2384 346 2466 Expertern
361 2385 466 2448 fiuant
478 2387 559 2464 belli,
574 2401 604 2451 et
618 2403 722 2452 neutra
736 2411 817 2454 arma
834 2406 981 2455 secutum.

179 2479 234 2543 Ille
249 2493 335 2542 tuens
348 2483 441 2544 oculis
455 2483 598 2547 immitem
612 2484 729 2549 Phinea
743 2490 843 2566 torvis,
927 2477 931 2486 ⁸

180 2574 451 2659 ‘Quandoquidem
467 2579 496 2641 in
511 2582 629 2663 partes,'
645 2584 695 2660 ait,
707 2590 716 2622 ‘
726 2585 887 2662 abstrahor,
898 2585 1012 2669 accipe,
1023 2585 1161 2667 Phineu,

179 2671 285 2745 Quem
298 2670 392 2736 fecisti
407 2675 533 2753 hostem,
548 2699 698 2763 pensaque
714 2682 772 2745 hoc
787 2684 908 2745 vulnere
924 2684 1062 2747 vulnus)

179 2764 307 2852 Jamque
322 2772 491 2836 remissurus
505 2788 630 2838 tractum
645 2777 683 2839 de
697 2799 821 2863 corpore
836 2779 929 2842 telum
1115 2785 1161 2847 80

180 2863 328 2948 Sanguine
343 2869 473 2934 desectos
487 2873 593 2938 cecidit
607 2875 754 2959 collapsus
768 2875 798 2939 in
812 2893 902 2940 artus.

223 2959 283 3023 Hc
298 2983 416 3047 quoque
431 2966 611 3049 Cephenum
626 2986 692 3053 post
707 2993 808 3055 regem
824 2975 934 3059 primus
948 2973 1056 3040 Odites

180 3053 262 3116 Ense
272 3056 355 3139 jacet
369 3058 530 3141 Clymeni:
553 3063 717 3128 Proteuora
731 3073 857 3150 perculit
871 3071 1037 3157 Hypseus:

180 3147 307 3232 Hypsea
321 3152 483 3237 Lyncides.
527 3155 599 3218 Fuit
613 3172 644 3218 et
657 3165 829 3240 grandevus
844 3168 873 3231 in
888 3170 944 3233 illis

180 3243 352 3326 Emathion,
368 3251 444 3334 equi
458 3251 564 3327 cultor,
578 3252 755 3337 timidusque
771 3260 914 3328 deorum:
1113 3269 1160 3336 85

180 3338 284 3412 Quem
300 3347 437 3429 qnoniam
452 3346 609 3429 prohibent
623 3350 691 3411 anni
705 3351 828 3431 bellare,
843 3359 994 3441 loquendo

179 3433 298 3519 Pugnat
310 3463 319 3518 ;
341 3456 371 3506 et
385 3442 512 3517 incessit,
526 3443 727 3530 scelerataque
742 3447 871 3513 devovet
889 3473 981 3518 arma.

179 3528 260 3596 Huic
275 3536 415 3607 Chromis
428 3539 569 3625 amplexo
581 3544 712 3608 tremulis
727 3545 828 3611 altaria
841 3548 946 3634 palmis
