2572 4242
176 416 221 478 '12
489 417 836 472 nmrnuoneuosaon

177 570 237 636 Cui
250 570 335 634 licuit
348 570 401 632 soli
412 591 588 655 superorum
601 587 722 652 tangere
737 587 865 630 mensas.
1112 569 1157 633 ᾖ

176 667 333 732 Pleiadum
348 688 427 729 soror
441 679 485 728 est
501 667 625 747 genitrix
640 665 728 728 mihi:
751 666 899 726 maximus
914 663 1002 728 Atlas

176 764 233 829 Est
247 772 330 841 avus‘,
344 767 496 827 aetherium
512 765 560 848 qui
576 763 631 825 lert
645 763 808 825 cervicibus
827 783 933 825 axem:

175 862 293 946 Jupiter
308 864 381 924 alter
395 884 484 924 avus:
508 883 610 924 socero
625 881 742 944 quoque
758 860 863 941 glorior
874 861 934 922 illo.

176 959 231 1023 Me
246 974 348 1042 gentes
364 974 498 1023 metuunt
513 959 668 1042 Phrygiae:
692 979 740 1018 me
755 957 836 1038 regia
848 956 959 1024 Cadmi
1107 961 1152 1023 ³0

176 1057 239 1120 Sub
254 1058 373 1121 domina
388 1071 449 1120 est:
472 1057 634 1139 fidibusque
650 1055 709 1116 mei
723 1055 880 1115 commissa
894 1054 989 1116 mariti

175 1153 292 1218 Moenia
306 1177 374 1218 cum
389 1155 506 1238 populis
522 1175 539 1215 a
552 1172 659 1236 meque
675 1152 796 1234 viroque
811 1164 961 1232 reguntur.

175 1251 211 1315 In
226 1273 431 1335 quamcunque
446 1250 550 1312 domus
565 1250 686 1311 adverto
701 1249 811 1310 lumina
827 1261 952 1331 partem,

175 1347 330 1412 lmmensae
345 1360 514 1430 spectantur
528 1367 611 1429 opas.
655 1346 785 1408 Accedit
798 1345 906 1406 eddam

175 1444 276 1525 Digna
290 1443 351 1506 dea
366 1443 465 1505 sanies.
511 1441 580 1505 Huc
594 1456 677 1505 natas
692 1442 786 1527 adjice
801 1457 927 1525 septem,
1106 1445 1149 1507 35

175 1540 217 1604 Et
230 1541 353 1603 totidem
364 1539 508 1624 juvenes3
531 1553 562 1600 et
575 1561 646 1602 mox
662 1561 843 1622 generosque
859 1560 1018 1622 nurusque.

174 1636 308 1711 Quaerite
322 1659 410 1713 nunc,
425 1637 532 1698 habeat
547 1659 634 1719 quam
649 1651 747 1699 nostra
760 1638 896 1720 superbia
909 1658 1046 1699 causam:
1079 1697 1083 1704 ,

175 1732 285 1796 Nescio
300 1755 417 1818 quoque
433 1734 539 1795 audete
554 1747 647 1795 satam
662 1733 801 1795 Titanida
817 1732 891 1794 Ceo

174 1830 321 1894 Latonam
335 1830 469 1915 praelerre
483 1831 574 1906 mihi3
596 1831 643 1891 cui
658 1831 788 1892 maxima
803 1830 949 1913 quondam

150 1931 153 1936 '
174 1926 325 2011 Exiguam
339 1929 441 1990 sedem
456 1929 589 2011 pariture
604 1940 681 1989 terra
694 1927 822 2007 negavit.
1105 1931 1148 1992 40

174 2024 205 2088 N
207 2047 242 2089 ec
255 2027 344 2105 coelo,
359 2047 415 2088 nec
431 2027 532 2102 humo,
545 2045 601 2086 neo
616 2024 698 2107 aquis
713 2024 768 2085 dea
783 2037 879 2086 vestra
893 2037 1013 2108 recepta
1028 2038 1127 2108 estsf

175 2121 272 2186 Exsul
287 2137 348 2186 erat
362 2124 483 2199 mundi;
499 2123 592 2185 donec
614 2123 750 2183 miserata
765 2135 933 2202 vagantem,

175 2217 322 2303 ‘Hospita
336 2234 367 2283 tu
381 2221 464 2282 terris
479 2241 567 2295 erras,
583 2219 660 2300 ego,'
677 2219 761 2295 dixit,
777 2219 824 2280 ‘in
839 2219 944 2295 undis‚'

174 2313 402 2399 Instabilemque
417 2318 515 2378 locum
531 2315 626 2382 Delos
641 2316 732 2377 dedit.
776 2315 832 2378 Illa
846 2317 959 2378 duobus

174 2411 269 2476 Facta
284 2433 405 2495 parens:
429 2413 502 2474 uteri
517 2434 583 2496 pars
598 2427 643 2475 est
658 2414 721 2475 haec
735 2415 860 2496 septima
874 2414 972 2476 nostri.
1102 2418 1146 2482 45

175 2509 248 2572 Sum
264 2509 352 2572 felix:
376 2510 438 2593 quis
454 2510 533 2571 enim
547 2525 637 2592 neget
652 2511 729 2573 hoc?
752 2510 881 2594 felixque
897 2512 1034 2575 manebo.

173 2605 243 2670 Hoc
259 2628 375 2690 quoque
391 2607 454 2692 quis
471 2607 605 2671 dubitet?
627 2622 723 2670 tutum
737 2630 785 2670 me
801 2609 886 2692 copia
901 2608 979 2672 lecit.

173 2701 272 2788 Major
284 2726 360 2782 sum,
376 2706 465 2790 quam
479 2706 527 2768 cui
543 2706 634 2789 possit
649 2705 782 2768 Fortuna
796 2727 914 2770 nocere.

173 2799 329 2886 Multaque
344 2818 376 2867 ut
391 2805 512 2889 eripiat;
533 2804 627 2867 multo
642 2804 713 2866 mihi
728 2803 812 2886 plura
826 2804 980 2886 relinquet.

173 2897 341 2964 Excessere
356 2918 467 2966 metum
482 2924 549 2965 mea
560 2903 621 2987 jam
637 2903 724 2964 bona.
769 2900 887 2982 Fingite
903 2901 981 2963 demi
1017 2975 1024 2988 ι
1103 2906 1145 2967 50

172 2994 254 3059 Huic
268 2999 377 3081 aliquid
393 3001 503 3081 populo
518 3015 651 3061 natorum
667 3021 753 3082 posse
769 3020 920 3074 meorum3

172 3091 242 3154 Non
257 3107 355 3155 tamen
371 3096 407 3155 ad
422 3117 576 3156 numerum
592 3096 705 3174 redigar
713 3097 835 3177 spoliata
850 3098 972 3158 duorum

172 3188 311 3252 Latonae:
334 3190 421 3252 turba
436 3212 495 3275 quo
510 3204 651 3272 quantum
667 3191 752 3252 distat
768 3194 804 3255 ab
819 3194 912 3256 orba?

170 3286 217 3350 lte
232 3287 330 3364 sacriS,
346 3301 500 3370 properate
516 3287 621 3362 sacris3
644 3287 816 3369 laurumque
831 3292 944 3373 capillis

170 3383 311 3446 Ponite.''
356 3385 538 3466 Deponunt3
560 3383 725 3465 infectaque
740 3405 822 3444 sacra
836 3389 1005 3470 relinquunt
1102 3392 1143 3454 55

171 3480 322 3565 Quodque
337 3483 416 3558 licet,
431 3482 521 3545 tacito
536 3494 711 3542 venerantur
725 3501 872 3543 murmura
892 3504 1012 3546 numen.

213 3576 366 3657 Indignata
381 3578 437 3638 dea
452 3591 513 3638 est:
537 3599 711 3660 summoque
727 3578 757 3640 in
772 3577 882 3639 vertice
898 3579 1013 3660 Cynthi
