2568 4248
515 478 622 533 marm
645 479 702 532 XV.
1034 475 1094 540 147

112 633 283 718 Tyndaris:
307 646 339 696 et
353 653 465 712 aecum,
480 655 534 696 cur
547 635 587 696 sit
598 634 642 696 bis
653 647 750 716 rapta,
765 633 895 718 requirit.

113 730 253 816 Tempus
267 731 348 796 edax
362 753 472 809 renam,
487 745 590 816 tuque,
604 731 747 795 invidiosa
761 745 902 812 vetustas,
1034 735 1095 798 170

115 827 227 908 Omnia
240 830 405 893 destruitis:
430 831 588 914 vitiataque
604 830 740 892 dentibus
755 830 810 892 aevi

114 926 265 990 Paulatim
280 927 363 990 lentis
376 927 547 990 consumitis
562 926 660 990 omnia
675 942 781 990 morte.

158 1023 209 1088 Ne
223 1038 323 1088 tamen
338 1025 435 1087 oblitis
450 1023 487 1087 ad
501 1038 612 1087 metam
627 1025 748 1087 tendere
764 1025 851 1107 longe

117 1119 329 1207 Exspatiemur
342 1123 444 1207 cquis3
465 1123 587 1200 coelum,
602 1135 633 1185 et
648 1122 845 1206 quodcunque
860 1122 915 1186 sub
930 1121 980 1185 illo
995 1135 1051 1200 est,

115 1218 258 1284 lmmutat
273 1219 391 1298 sonum,
405 1221 563 1304 tellusque,
578 1233 608 1283 et
624 1221 762 1305 quiequid
778 1221 806 1283 in
822 1221 873 1284 int
887 1234 943 1285 est.
1034 1221 1094 1286 175

114 1315 182 1381 Nos
197 1339 315 1402 quoque
330 1339 409 1410 par—s
412 1318 526 1396 mundi,
543 1319 697 1404 (quoniam
713 1339 771 1382 non
786 1337 911 1403 corpora
923 1319 1030 1396 soldtn,

116 1413 232 1478 Verum
246 1417 335 1480 etiam
351 1405 486 1480 volucres
501 1417 604 1479 animae
618 1437 733 1494 sumus,
747 1416 835 1501 inque
850 1416 956 1480 lerinas

114 1512 280 1577 Possumus
293 1515 335 1578 ire
350 1515 464 1592 domos,
479 1515 688 1600 pecudumque
703 1515 732 1577 in
747 1527 869 1599 pectora
882 1512 997 1601 condi,)

115 1607 262 1696 Corpora,
278 1635 342 1698 quae
358 1613 470 1697 possint
484 1613 596 1676 animas
610 1612 747 1674 habuisse
762 1628 928 1697 parentum,

115 1709 326 1788 Austranum,
340 1724 391 1774 aut
404 1710 504 1795 aliquo
514 1710 685 1796 junctorum
700 1709 812 1774 loedere
827 1712 922 1788 nobis,
1033 1711 1095 1776 tec

117 1809 182 1871 Aut
196 1808 349 1872 hominum
362 1809 455 1886 certe,
470 1823 534 1871 tuta
548 1827 614 1871 csse
629 1823 659 1871 et
674 1809 799 1872 honesta
813 1809 959 1874 sinunus:

115 1903 205 1969 Neve
219 1903 382 1990 'Ibyesteis
394 1906 582 1969 cumulemur
595 1907 708 1969 viscera
722 1907 842 1970 mensis.

115 2003 221 2077 Quam
235 2003 312 2066 male
326 2004 504 2082 consuescit,
520 2004 609 2088 qudm
623 2023 656 2066 se
671 2017 755 2087 parat
770 2003 819 2066 ille
832 2004 929 2067 cruori

113 2099 230 2186 Impius
243 2101 384 2180 humano,
399 2102 482 2166 vituli
497 2102 547 2186 qui
562 2115 679 2184 guttura
692 2101 787 2186 cultro

114 2197 266 2283 Rumpit;
287 2211 318 2263 et
331 2199 468 2263 immotas
483 2200 594 2284 prabet
608 2199 766 2280 mugitibus
782 2197 884 2264 aures!
1033 2197 1094 2263 18⁸

113 2297 179 2360 Aut
195 2297 245 2381 qui
259 2298 373 2380 vagitus
388 2297 497 2360 similes
512 2297 672 2381 puerilibus
687 2297 805 2360 hedum

114 2393 266 2458 Edentem
276 2393 413 2480 jugulare
430 2409 526 2480 potest
535 2417 544 2472 ;
567 2410 617 2458 aut
632 2395 700 2484 alite
716 2396 807 2472 vesci,
928 2415 945 2446 ν

114 2492 174 2557 Cui
190 2492 273 2556 dedit
288 2493 352 2577 ipse
366 2493 467 2557 cibos!
491 2507 633 2578 quantum
648 2507 703 2570 est,
719 2493 797 2578 quod
812 2493 888 2557 desit
903 2492 1008 2558 inistis
1048 2553 1065 2567 „

114 2589 166 2654 Ad
180 2591 304 2675 plenum
319 2589 448 2653 facinus!
472 2590 532 2675 qud
546 2590 683 2654 transitus
699 2591 767 2654 inde
787 2569 963 2675 panturtb

156 2688 223 2751 Bos
239 2703 312 2766 aret,
328 2703 378 2751 aut
393 2703 518 2751 mortem
533 2689 694 2751 senioribus
709 2689 835 2772 imputet
849 2689 951 2751 anub:
1032 2687 1094 2752 190

113 2783 301 2849 Horriserum
315 2801 416 2848 contra
431 2785 549 2848 Borean
565 2786 628 2848 ovis
643 2807 724 2847 arma
738 2786 899 2847 ministret:
930 2787 936 2799 '

112 2882 217 2947 Ubera
233 2883 304 2947 deut
317 2899 420 2946 sature
436 2883 571 2946 manibus
586 2882 745 2967 pressanda
759 2881 894 2966 capella.

113 2979 204 3043 Retia
219 3002 289 3044 cum
304 2981 428 3064 pedicis,
442 2980 623 3066 laqueosque
638 2995 775 3064 artesque
790 2979 906 3042 dolosas

113 3077 244 3142 Tollite:
268 3100 324 3141 nec
340 3079 489 3142 volucrem
506 3078 617 3140 uiscatit
629 3077 720 3142 fallite
736 3077 834 3160 virgis:

113 3175 182 3239 Nec
197 3175 358 3239 formidatis
372 3197 475 3239 cervos
491 3175 629 3238 includite
645 3176 757 3260 pinnis:
1033 3173 1094 3238 195

62 3287 68 3299 “
113 3271 181 3336 Nec
195 3273 294 3337 celate
307 3274 380 3336 cibis
394 3293 487 3337 uncos
502 3272 654 3336 fallacibus
669 3273 784 3336 hamos.

10 3409 11 3412 =
111 3369 246 3450 Perdite,
257 3370 282 3434 si
294 3387 353 3455 qua
362 3385 490 3434 nocent:
513 3370 616 3432 verum
628 3371 691 3433 hec
703 3389 822 3455 quoque
838 3367 952 3453 perdite
966 3367 1092 3431 tantiam.

112 3465 175 3532 Ora
190 3482 300 3534 vacent
316 3469 422 3554 epulis,
437 3468 636 3552 alimentaque
650 3489 780 3548 oongma
793 3463 964 3549 carpant.”’
1076 3511 1080 3521 ,
