2568 4248
538 407 645 458 blena
668 407 714 458 XI.
1046 405 1107 469 107

130 556 214 620 Huic
228 577 300 620 cum
316 554 483 639 pignoribus
499 557 616 634 domus,
630 572 661 621 et
675 558 753 642 quod
768 559 876 644 cuique
890 557 1026 624 relicbtm
1039 571 1096 624 est.
1162 575 1169 585 '

130 653 291 738 Halcyone
307 653 414 736 Ce'yca
426 668 544 718 movet:
568 653 681 739 Ce'ycis
695 657 787 719 inore
1045 659 1104 722 181

130 751 223 816 Nulla
237 752 293 815 nisi
308 749 466 834 Halcyone
481 765 543 816 est:
566 766 607 829 et,
621 753 691 817 ciam
706 752 852 818 desideret
865 775 966 832 imam,

130 849 253 913 Gaudet
267 850 371 913 abesse
386 864 496 914 tamen
540 849 647 914 Patriae
663 871 780 934 quoque
796 851 885 914 vellet
899 851 936 915 ad
955 873 1022 916 ores

130 945 307 1030 Respicere,
322 947 412 1031 inque
426 947 548 1012 domum
562 969 716 1032 supremos
731 962 845 1012 vertere
861 949 968 1012 vultus.

132 1043 248 1108 Verium
262 1045 313 1108 ubi
326 1045 364 1108 sit
378 1046 481 1108 nescit.
525 1043 626 1110 Tanti
642 1046 784 1127 vertigine
801 1061 908 1128 pontus
1046 1047 1106 1112 185

130 1139 260 1205 Fervet:
284 1155 315 1204 et
328 1142 450 1206 inducti
465 1142 555 1226 piceis
569 1163 586 1204 e
602 1143 728 1205 nubibus
747 1143 852 1208 umbris

129 1237 232 1302 Omne
246 1240 318 1302 latet
332 1240 459 1304 coelum:
482 1239 689 1323 duplicataque
703 1240 797 1302 noctis
811 1240 908 1322 imago
921 1251 977 1303 est.

173 1335 333 1418 Frangitur
346 1337 463 1400 incursu
478 1336 603 1400 nimbosi
617 1336 738 1400 turbinis
753 1337 855 1400 arbos:

129 1431 289 1514 Frangitur
302 1447 334 1496 et
346 1434 492 1516 regimen:
514 1434 673 1518 spoliisque
688 1434 817 1498 animosa
831 1447 1000 1518 superstans

129 1527 232 1606 Unda,
248 1529 330 1592 velut
345 1530 460 1608 victrix,
474 1531 603 1594 sinuatus
617 1530 741 1613 despicit
755 1530 875 1600 undas..
1045 1532 1106 1598 190

129 1625 199 1690 Nec
212 1627 319 1704 levius,
334 1629 421 1710 quarn
437 1627 461 1692 si
477 1628 541 1712 quis
555 1629 670 1704 Athon,
684 1627 863 1706 Pindumve,
878 1627 1010 1692 renalsos

130 1724 211 1786 Sede
225 1725 290 1801 sud,
304 1739 380 1788 totos
395 1724 424 1786 in
438 1739 575 1809 apertum
589 1725 725 1788 everterit
739 1746 848 1808 equor,

129 1821 319 1904 Praecipitate
332 1822 405 1884 ruit:
428 1823 595 1906 pariterque
610 1836 640 1884 et
655 1821 787 1906 pondere
801 1837 832 1886 et
847 1822 906 1886 ictu

129 1917 240 2002 Mergit
255 1919 285 1982 in
299 1920 359 1984 ima
372 1933 481 1982 ratem:
504 1941 573 1982 cum
587 1919 645 2002 quit
659 1941 727 2003 pars
741 1939 849 2001 magm
862 1920 991 1982 virontm

129 2015 254 2098 Gurgite
270 2038 371 2100 pressa
384 2018 585 2101 graviusque
599 2017 629 2079 in
644 2019 713 2080 adra
727 2016 854 2093 reddita,
868 2015 929 2080 sato
1040 2016 1106 2082 teo

129 2112 247 2178 Functa
262 2137 317 2178 suo
330 2128 385 2178 est.
430 2114 491 2178 Alii
506 2129 603 2198 partes
618 2128 649 2176 et
664 2113 797 2176 membra
810 2113 916 2178 carine

128 2209 251 2275 Tnmca
265 2225 378 2274 tenent.
421 2210 522 2276 Tenet
536 2211 599 2296 ipse
614 2231 715 2289 manu,
730 2211 789 2294 qud
803 2223 921 2294 sceptra
933 2209 1058 2290 solebat,

128 2305 290 2392 Fragmina
304 2309 410 2391 navigii
425 2309 528 2393 C'c'yx,
543 2329 737 2394 socerumque
753 2323 926 2392 patremque

128 2406 252 2470 Invocat
270 2405 378 2492 (beul)
394 2405 509 2468 frustra.
553 2406 614 2468 Sed
630 2406 755 2490 plurima
768 2405 908 2470 nantisin
925 2426 977 2470 ore

128 2503 288 2588 Halcyone
302 2503 423 2589 conjux.
467 2503 552 2568 Illam
566 2505 758 2587 meminitque
773 2503 938 2590 refertque:
1041 2503 1107 2568 200

127 2601 210 2663 Illius
225 2614 295 2662 ante
310 2601 411 2664 oculos
424 2613 458 2663 ut
472 2615 560 2684 agant
574 2622 628 2663 sua
641 2623 765 2685 corpora
780 2600 897 2680 fluctus,

128 2699 243 2782 Optat;
266 2711 297 2761 et
311 2698 454 2761 exanimis
470 2699 602 2762 manibus
617 2699 779 2762 tumuletur
792 2699 903 2762 amicis.

129 2795 212 2858 Dum
227 2807 327 2871 natat3
349 2797 513 2872 absentem,
527 2797 642 2880 quoties
655 2795 724 2857 sinit
738 2796 852 2858 hiscere
867 2795 985 2872 fluctus,

129 2893 273 2956 Nominat
287 2891 475 2976 Halcyoneu,
490 2893 619 2977 ipsisque
634 2893 835 2954 immurmurat
849 2891 944 2956 undis.

8 3027 12 3032 ·
129 2991 213 3054 Ecce
228 3010 318 3074 super
331 2990 445 3053 medios
458 2989 566 3054 fluctus
580 2991 663 3074 niger
677 3010 914 3073 arcusaqumum
1041 2991 1105 3058 205

129 3091 305 3173 Frangitur:
328 3103 359 3152 et
372 3090 461 3175 rupti
473 3112 602 3154 mersum
617 3105 707 3175 caput
721 3090 816 3154 obruit
830 3089 921 3154 undis.

129 3189 252 3252 Lucifer
265 3189 418 3266 obscurus,
432 3209 488 3251 nec
504 3209 593 3273 quem
607 3209 785 3270 cognoscere
800 3210 913 3272 posses,

129 3287 185 3350 lllai
198 3300 288 3350 nocte
303 3285 374 3349 fuit:
398 3287 595 3370 quoniamque
611 3286 757 3350 excedere
772 3284 907 3372 Olympo

131 3383 199 3450 Non
214 3384 309 3460 licuit,
324 3383 422 3446 densis
436 3384 512 3446 texit
526 3404 580 3445 sua
592 3384 716 3447 nubibut
734 3403 793 3448 nra.

172 3482 269 3545 AEolis
285 3483 397 3544 interea
410 3495 557 3544 tantorum
571 3481 671 3563 ignara
687 3482 830 3545 malorum
1043 3481 1108 3546 210

131 3579 311 3642 Dinumerat
325 3577 444 3642 noctes:¹
468 3577 583 3662 etjam,
599 3599 670 3664 quas
685 3578 786 3641 induat
800 3579 849 3642 ille
