2572 4242
505 393 612 448 utnon
630 395 675 448 tv.
802 379 806 386 '

99 541 235 608 Volvitur
248 542 356 608 lxion:
379 558 457 608 etse
470 547 661 632 sequiturque
676 545 819 634 tingitque.

96 639 255 728 Molirique
270 642 333 706 suis
347 643 440 706 letum
454 643 636 727 patnrelibus
646 667 735 722 ausa,

95 741 237 804 Adsidue
251 754 403 826 repetunt,
419 762 490 826 quas
505 742 640 827 perdant,
657 742 780 806 Belides
794 743 898 808 undar.

96 836 183 911 Quos
197 860 303 902 omnes
319 839 383 903 acie
399 854 555 924 postquam
570 839 707 903 Saturnia
721 842 807 904 torvi

97 933 190 1013 Vidit,
206 950 237 998 et
251 950 321 1000 ante
337 957 441 1000 omnes
455 935 580 1014 lxiona:
601 959 699 1000 mrsus
714 939 751 1000 ab
767 938 817 1001 illo
1016 943 1077 1007 tto

96 1031 249 1117 Sisyphon
263 1033 442 1118 adspiciens,
458 1032 542 1098 ‘Cur
556 1035 606 1097 hic
620 1056 639 1097 e
654 1034 810 1108 fratribus,’
826 1035 932 1120 inquit,

96 1131 281 1216 ‘Perpetuos
295 1133 405 1216 patitur
418 1151 542 1216 poenas3
565 1131 748 1194 Athamanta
762 1134 922 1215 superbum

95 1228 194 1311 Regia
209 1229 293 1292 dives
307 1230 418 1292 habet:
441 1229 491 1314 qui
506 1249 555 1290 me
570 1249 640 1291 cum
653 1227 780 1313 conjuge
795 1250 915 1314 sempor

94 1326 247 1410 Sprevitl’
269 1340 301 1390 et
315 1328 440 1410 exponit
453 1347 558 1390 causas
571 1325 692 1410 odiique
707 1326 839 1410 viaque;

94 1423 239 1508 Quidque
254 1424 338 1487 velit.
378 1423 477 1498 Quod
493 1423 593 1500 vellet,
609 1437 681 1500 erat,
696 1445 735 1486 ne
749 1425 830 1506 regia
844 1423 954 1490 Cadmi
1015 1429 1077 1492 tto

93 1522 212 1599 Staret3
234 1536 265 1586 et
278 1522 309 1585 in
325 1519 438 1584 lacinus
453 1521 601 1585 traherent
618 1521 800 1584 Athamanta
814 1543 938 1586 sorores.

93 1619 269 1702 Imperium,
284 1619 437 1704 promissa,
453 1639 558 1703 preces
571 1617 724 1682 confundit
739 1619 768 1682 in
783 1641 893 1684 unurn:

93 1718 299 1801 Sollicitatque
315 1718 398 1780 deas.
442 1717 493 1780 Sic
507 1717 571 1780 hec
585 1715 605 1778 J
608 1737 704 1780 unone
719 1717 829 1796 locuti,

92 1815 261 1899 Tisiphone
276 1836 378 1892 canos,
392 1829 426 1877 ut
441 1827 513 1891 erat,
528 1814 643 1877 turbata
655 1814 780 1898 capillos

91 1911 211 1976 Movit:
234 1926 265 1975 et
280 1914 431 1976 obstantes
445 1911 548 1997 rejecit
563 1913 600 1974 ab
615 1933 666 1974 ore
680 1912 828 1974 colubras.
1015 1913 1076 1978 1⁶5

91 2011 197 2095 Atque
212 2011 264 2087 ita,
279 2008 369 2072 ‘Non
384 2010 478 2092 longis
493 2031 569 2092 opus
584 2022 629 2072 est
644 2009 835 2092 ambagibus,’
852 2009 925 2072 infit.

92 2108 209 2171 ‘Facta
222 2121 307 2194 puta,
323 2130 505 2192 quacunque
517 2107 624 2193 jubes:
648 2107 805 2169 inamabile
819 2127 943 2190 regnum

91 2205 229 2275 Desere:
252 2221 344 2290 teque
359 2205 436 2269 refer
450 2207 518 2270 eoeli
534 2204 663 2268 melioris
678 2205 716 2266 ad
731 2203 837 2267 auras.’

133 2304 222 2368 Laeta
236 2305 313 2367 redit
327 2303 425 2367 Juno:
449 2325 537 2389 quam
552 2303 664 2367 coelum
679 2304 786 2366 intrare
801 2316 955 2387 parantem

88 2401 214 2466 Roratis
228 2402 364 2465 lustravit
380 2402 463 2486 aquis
477 2401 692 2464 Thaumantias
706 2399 771 2463 lris.
1016 2399 1078 2466 160

132 2500 204 2563 Nec
219 2522 322 2577 mora;
344 2499 511 2582 Tisiphone
526 2498 720 2562 madefactam
736 2497 878 2580 sanguino
891 2497 983 2562 sumit

87 2598 270 2683 Importuna
284 2596 399 2660 facem:
423 2597 574 2680 fluidoque
588 2617 691 2659 eruore
706 2597 862 2658 rubentem

85 2695 229 2759 Induitur
244 2695 368 2778 pallam;
390 2709 527 2779 tortoque
542 2694 697 2776 incingitur
706 2714 818 2776 angus:

86 2793 313 2878 Egrediturque
330 2792 430 2854 domo.
476 2791 590 2854 Luctus
604 2791 782 2854 comitantur
796 2801 929 2863 euntem,

84 2891 130 2956 Et
146 2891 262 2968 Pavor,
277 2905 309 2953 et
323 2889 446 2967 Terror,
461 2890 636 2973 trepidoque
653 2887 771 2950 Insania
787 2886 881 2948 vultu.
1019 2884 1080 2950 16⁵

83 2990 212 3053 Limine
227 2988 416 3052 constiterat:
440 3001 540 3072 postes
554 2987 709 3050 tremuisse
724 2984 857 3048 semntur

85 3088 204 3164 AEolii3
227 3087 383 3171 pallorque
398 3084 474 3148 sores
491 3083 590 3148 insecit
605 3105 744 3147 acernas:

84 3187 206 3271 Solque
220 3186 324 3248 locum
340 3183 424 3266 sugit.
469 3181 611 3246 Monstris
626 3181 765 3244 exterrita
779 3180 902 3266 conjux,

83 3284 228 3347 Territus
245 3297 292 3345 est
307 3282 472 3344 Athamas:
495 3295 635 3364 tectoque
650 3280 732 3342 exire
748 3280 901 3362 parabant.

84 3383 216 3446 Obstitit
232 3379 350 3457 infelix,
366 3381 539 3463 aditumque
554 3379 680 3452 obsedit,
696 3376 844 3460 Erinnys:
1021 3375 1082 3438 tto

84 3481 116 3544 N
118 3502 243 3566 eraque
259 3479 389 3563 vipereis
404 3478 575 3540 distendens
589 3475 710 3540 brachia
724 3475 819 3550 nodis,

84 3579 258 3644 Caesariem
273 3577 418 3640 excussit.
464 3574 556 3638 lllotae
571 3573 697 3637 sonuere
711 3572 856 3634 colubrae:

358 3678 378 3735 5
