2568 4248
181 457 244 522 1ae
277 450 284 464 ⁶
368 438 373 444 ’
491 457 837 510 nnrrunmnornon

179 611 325 695 Corniger
338 609 509 693 exsequitur
525 607 651 670 Veneris
670 607 826 670 mandata:
848 627 982 692 suusque,

179 708 333 794 Quicquid
348 709 376 770 in
392 706 492 770 AEneir
506 705 601 768 iuerat
615 706 748 781 mortale,
764 717 912 788 repurgat,

179 807 222 872 Et
235 805 378 890 respergit
392 805 484 888 aquis.
529 803 603 865 Pars
618 803 729 885 optima
742 803 847 864 restitit
861 803 912 865 illi.

179 902 350 968 Lustratum
365 902 491 985 genitrix
506 900 604 963 divino
618 920 724 981 corpus
739 899 829 961 odore

180 999 287 1078 Unxit,
302 1015 333 1064 et
347 999 493 1062 ambrosii
506 1019 575 1060 cum
590 996 668 1058 dulci
682 1010 801 1058 nectare
816 996 911 1060 mixti
1120 1001 1161 1064 95

181 1097 317 1180 Contigit
330 1119 373 1174 os,
388 1096 515 1180 lecitque
531 1096 636 1157 deum:
660 1115 749 1178 quem
764 1094 849 1156 turba
863 1092 981 1168 Quirini

182 1191 345 1278 Nuncupat
359 1194 541 1276 Indigetem3
562 1193 733 1275 temploque
748 1191 864 1275 arisque
878 1193 1002 1277 recepit.

225 1291 299 1354 Inde
314 1292 368 1354 sub
383 1291 504 1353 Ascanii
518 1289 626 1351 ditione
641 1289 796 1351 binominis
811 1288 900 1365 Alba,

183 1387 306 1472 Resque
320 1388 427 1451 Latina
442 1386 512 1450 suit:
535 1386 666 1449 succedit
680 1386 789 1448 Silvius
804 1386 864 1448 illi:

182 1483 255 1558 Quo
270 1498 360 1561 satus,
371 1485 491 1567 antiquo
505 1485 600 1546 tenuit
613 1484 738 1566 repetita
752 1483 877 1545 Latinus
1098 1488 1161 1550 100

182 1579 311 1643 Nomina
325 1603 393 1643 cum
408 1594 536 1663 sceptro.
580 1580 704 1644 Clarum
719 1581 794 1643 subit
811 1568 891 1642 Albai
905 1579 1065 1644 Latinumt

182 1675 289 1760 Epiros
303 1699 342 1740 ex
356 1678 405 1740 illo
420 1690 482 1740 est:
505 1692 572 1761 post
587 1678 666 1739 hunc
681 1676 885 1760 Capetusque,
902 1676 1087 1764 Capysque;

183 1775 244 1837 Sed
260 1773 364 1859 Capys
379 1775 446 1836 ante
462 1773 527 1837 fuit.
572 1773 711 1856 Regnum
727 1775 885 1837 Tiberinus
901 1775 1008 1848 abillis

183 1871 292 1956 Cepit3
315 1887 346 1935 et
359 1872 388 1934 in
404 1869 496 1935 Tusci
512 1871 662 1935 demersus
677 1871 805 1933 fluminis
819 1871 905 1934 undis

86 2047 89 2053 ἡ
182 1968 312 2033 Nomina
326 1968 395 2031 lecit
410 1991 503 2052 aquae.
548 1967 598 2030 De
615 1990 673 2052 quo
689 1967 906 2052 Remulusque,
922 1966 1068 2054 feroxque
1097 1973 1161 2034 105

183 2067 295 2131 Acrota
309 2081 375 2130 sunt
391 2066 498 2148 geniti:
522 2065 669 2127 Remulus
684 2066 823 2128 maturior
837 2065 920 2128 annis

182 2163 342 2230 Fulmineo
357 2165 452 2248 periit,
468 2163 594 2226 imitator
608 2160 747 2239 fulminis,
763 2163 833 2225 ictu.

182 2258 287 2325 Fratre
303 2283 356 2324 suo
371 2275 519 2343 sceptrum
534 2258 709 2322 moderatior
724 2259 836 2323 Acrota
850 2260 916 2324 sorti

182 2357 287 2420 Tradit
302 2358 469 2420 Aventino:
494 2357 543 2440 qui
559 2378 618 2440 quo
632 2355 777 2438 regnarat,
792 2357 899 2423 eodern

182 2454 288 2517 Monte
299 2453 381 2538 jacet
395 2454 525 2537 positus;
546 2454 703 2537 tribuitque
719 2455 863 2517 vocabule
879 2455 983 2519 monti.
1097 2461 1164 2522 110

181 2551 309 2635 Jamque
324 2549 465 2614 Palatine
479 2572 624 2613 summam
640 2551 736 2614 Proca
751 2553 845 2634 gentis
859 2553 997 2617 babebat.

181 2646 269 2732 'Rege
284 2649 339 2711 sub
354 2648 411 2711 hoc
425 2647 560 2712 Pomone
575 2647 646 2711 suit:
670 2648 730 2732 qui
743 2649 824 2712 nulla
838 2649 960 2714 Latinas

182 2746 263 2811 lnter
278 2746 503 2830 Hamadryadas
517 2747 607 2810 coluit
621 2746 766 2810 sollertius
781 2747 891 2825 hortos,

182 2846 250 2912 Nec
266 2846 319 2911 suit
335 2847 446 2910 arborei
461 2847 615 2910 studiosior
629 2845 719 2907 altera
733 2843 839 2908 loetrls:

182 2945 272 3010 Unde
287 2958 369 3008 tenet
383 2967 503 3008 nomen.
549 2942 619 3006 Nou
634 2942 721 3004 silvas
736 2942 795 3019 illa,
811 2965 867 3006 nec
885 2965 987 3008 amnes
996 2965 1006 3022 ;
1097 2947 1164 3009 115

182 3043 248 3110 Rus
264 3056 352 3118 emat,
368 3056 398 3104 et
412 3062 518 3116 ramos,
534 3039 628 3102 felicia
644 3061 733 3122 poma
747 3039 886 3104 serentes.

182 3139 249 3206 Nec
260 3138 360 3223 jaculo
374 3137 470 3219 gravis
485 3150 539 3214 est,
554 3137 606 3198 sed
621 3136 737 3199 adunca
752 3137 874 3201 dextera
889 3137 984 3203 falce:

181 3235 257 3311 Qua
270 3235 360 3298 modd
375 3234 521 3297 luxuriem
537 3233 654 3317 premit,
670 3247 701 3297 et
714 3234 868 3317 spatiantia
882 3237 991 3319 passim

182 3333 310 3399 Brachia
324 3332 503 3417 compescit:
526 3331 594 3396 fissa
607 3331 697 3395 modb
711 3332 821 3396 cortice
837 3333 948 3419 virgum

183 3431 298 3510 luserit,
314 3445 344 3494 et
358 3451 461 3494 succos
476 3429 573 3493 alieno
588 3443 705 3514 prestat
717 3430 849 3493 alumno.
1098 3434 1166 3498 ruo

182 3529 249 3598 Nec
265 3530 374 3616 patitur
386 3527 494 3594 rendre
507 3528 603 3592 sitim:
626 3527 790 3612 bibulaque
806 3547 943 3592 recurvas

184 3629 305 3696 Radicis
319 3627 405 3693 fibras
417 3626 583 3728 labentibus
596 3625 693 3710 irrigat
708 3625 804 3688 undis.
