2572 4242
173 373 218 436 m
473 377 821 430 uarnnronrnosaon

174 527 324 613 Civilique
338 527 449 592 eadunt
463 528 538 592 acie.
583 527 745 591 Gratantur
758 529 886 594 Achivi:

174 624 524 710 Victorcmquetenen13
545 627 697 710 avidisque
713 627 900 710 amplexibus
914 629 1040 694 baereut.

216 721 397 804 Pervigilem
412 737 546 806 superest
561 723 658 785 herbis
673 724 770 808 sopire
785 724 943 788 draconem
952 747 962 804 ;

173 817 237 893 Qui
251 821 341 882 cristi
355 821 519 905 linguisque
535 820 624 883 tribus
640 821 798 904 praesignis,
814 835 845 884 et
860 823 943 885 uncis

173 915 323 980 Dentibus
338 918 510 994 horrenduS,
524 931 623 980 custos
638 931 700 979 erat
714 918 810 979 arietis
825 919 916 981 aurei.
1115 925 1162 987 50

174 1011 265 1078 Hunc
281 1029 437 1098 postquam
452 1014 556 1097 sparsit
571 1013 686 1077 Lethaei
701 1015 832 1095 gramine
847 1017 928 1079 succi
936 1038 947 1094 3

175 1109 335 1196 Verbaque
350 1125 396 1175 ter
410 1094 490 1174 dixit'
499 1111 631 1194 placidos
645 1109 781 1173 facientia
795 1133 924 1190 somnos,
959 1155 976 1166 κ

174 1207 253 1282 Quae
267 1230 348 1270 mare
364 1208 521 1284 turbatum,
537 1228 601 1290 quae
616 1207 733 1269 concita
747 1207 869 1270 flumina
883 1210 1020 1289 sistantt-

174 1304 302 1367 Somnus
317 1305 344 1366 in
361 1304 475 1384 ignotos
489 1304 591 1364 oculos
606 1303 754 1386 subrepit:
778 1318 809 1367 et
823 1326 932 1368 auro*

174 1398 272 1463 Herus
286 1399 426 1462 AEsouius
441 1400 567 1483 potitur:
590 1401 744 1484 spolioque
759 1403 914 1484 superbus,
925 1402 932 1415 ‘
1113 1408 1158 1471 55

174 1495 308 1559 Muneris
323 1512 474 1559 auctorem
489 1518 602 1574 secum,
616 1499 710 1581 spolia
724 1499 826 1576 altera,
842 1514 971 1583 portans,

174 1593 278 1656 Victor
293 1593 434 1657 liilciaoos
449 1595 544 1676 tetigit
557 1617 626 1657 oum
642 1595 768 1679 conjuge
781 1610 891 1680 portus.

216 1689 378 1754 Hemoniae
393 1707 501 1754 matres
516 1713 569 1776 pro
584 1693 678 1774 gnatis
693 1692 771 1755 dona
785 1696 922 1778 receptis,
997 1767 1001 1774 .

173 1786 390 1872 Gmndaevique
406 1787 501 1851 semnt
517 1803 632 1872 patres3
653 1807 855 1874 congestaque
870 1791 991 1856 flammai

172 1883 276 1948 Thura
291 1885 453 1969 liquefiunt,
469 1887 646 1970 inductaque
660 1888 796 1950 cornibus
811 1910 915 1952 aurum
1110 1895 1157 1960 60

173 1981 305 2047 Victima
320 1998 388 2046 vota
401 1985 490 2046 cadit.
536 1983 597 2046 Sed
613 1985 695 2046 abest
710 1986 888 2066 gratantibus
902 1985 1011 2065 Esou,

171 2079 240 2158 darn
257 2081 375 2165 propior
388 2083 459 2158 leto,
474 2081 627 2164 fessusque
642 2081 781 2144 senilibus
797 2083 890 2145 annis.

172 2177 253 2241 cnm
269 2179 311 2240 sic
325 2178 502 2241 AEsonides:
526 2177 573 2239 ‘O
588 2179 636 2240 cui
651 2178 759 2241 debere
774 2179 899 2242 salutem
957 2245 965 2253 x

172 2271 336 2350 Confiteor,
350 2276 471 2358 conjux,
486 2296 655 2358 quanquam
670 2276 741 2338 mihi
756 2290 863 2339 cuncta
877 2274 994 2358 dedisti,

170 2369 370 2453 Excessitque
385 2371 472 2432 fidem
487 2372 657 2434 meritorum
671 2394 786 2436 summa
798 2388 913 2437 tuorum
924 2396 943 2452 ς.
1107 2379 1150 2442 65

172 2465 204 2528 Si
219 2479 318 2527 tamen
334 2466 391 2528 hoe
407 2482 546 2548 possunt:
571 2469 641 2552 quid
656 2470 734 2532 enim
748 2492 807 2533 non
822 2472 952 2534 cannina
965 2471 1100 2556 possint?

171 2561 271 2626 Deme
286 2562 360 2624 meis
375 2562 467 2639 annis,
483 2577 514 2626 et
528 2565 665 2648 demptos
680 2567 756 2628 adde
771 2567 906 2650 parenti!

171 2657 239 2722 Neo
253 2659 347 2722 tenuit
361 2659 516 2744 lacrymas.
561 2661 648 2726 Mota
663 2677 707 2727 est
723 2664 834 2748 pietate
849 2667 994 2748 rogantis:

77 2794 79 2798 ·
170 2753 412 2844 Dissimilemque
428 2760 558 2824 animum
573 2762 661 2825 subiit
675 2762 766 2824 AEeta
780 2762 908 2826 relictus.

170 2852 241 2918 Nou
255 2871 355 2922 tamen
370 2859 492 2922 affectus
507 2860 580 2922 tales
595 2859 740 2936 consessa,
755 2857 888 2936 ‘Quod'
904 2860 1008 2944 inquit,
1105 2867 1148 2930 70

170 2951 310 3017 ‘Excidit
325 2976 375 3017 ore
390 2956 450 3038 pio,
466 2956 587 3040 conjux,
602 2957 719 3020 soclus?
741 2978 811 3038 ergo
826 2977 882 3039 ego
896 2957 1035 3042 cuiquam

169 3048 263 3112 Posse
278 3065 335 3113 tua
350 3052 451 3114 videar
465 3053 593 3134 spatium
608 3054 798 3117 transcribere
814 3055 902 3117 vite?

169 3145 236 3210 Neo
251 3147 326 3210 sinat
340 3148 398 3210 hoo
413 3146 549 3223 Hecate3
570 3168 627 3210 neo
642 3161 673 3210 tu
689 3151 765 3232 petis
779 3172 879 3235 aqua:
903 3151 957 3214 sed
970 3152 1038 3231 isto,

168 3242 262 3318 Quod
277 3245 364 3328 petis,
379 3245 516 3328 experiar
530 3241 624 3328 majus
640 3245 709 3307 dare
723 3267 841 3324 munus,
857 3247 955 3314 lason.

167 3343 243 3408 Arte
254 3342 324 3408 mab
336 3342 429 3406 soceri
443 3342 565 3424 longum
579 3341 756 3404 tentabimus
771 3365 877 3420 evum,
1103 3351 1145 3414 75

168 3441 237 3508 Non
253 3442 336 3506 annis
350 3459 488 3504 revocare
503 3439 571 3502 tuis.
616 3437 712 3501 Modb
727 3435 796 3499 diia
809 3437 945 3504 triformis

167 3539 321 3624 Adjuvet3
342 3551 373 3601 et
388 3557 515 3621 presens
530 3536 695 3618 ingentibus
711 3535 820 3598 adnuat
835 3534 937 3597 ausis!
992 3581 998 3586 -
