2568 4248
155 398 218 464 128
450 403 798 453 ttfflnttottl‘flosrlox

194 555 317 638 longuis
330 555 360 618 in
375 569 532 637 angustum
547 553 607 637 qui
621 553 765 617 clauditur
780 551 1011 637 Hellespontus,

152 651 226 718 Ilion
241 652 383 729 ardebat3
403 673 502 735 neque
517 651 615 713 adhuc
630 650 805 713 consederat
818 651 911 732 ignis:

153 749 364 835 Exiguumque
379 750 458 812 senis
473 749 583 812 Priami
598 748 682 812 Jovis
697 769 747 810 ara
760 769 895 812 cruorem

153 836 358 912 Combiberat.
402 847 545 910 Tractata
558 847 651 916 comis
666 847 793 910 antistita
809 845 918 909 Pltoebi
1076 849 1140 911 405

154 944 224 1010 Non
239 945 420 1030 profecturas
435 946 575 1009 tendebat
589 946 635 1008 ad·
644 945 754 1009 ethera
769 945 893 1028 palmas.

155 1043 342 1108 Dardanidas
357 1058 465 1108 matres
479 1044 637 1128 patriorum
652 1044 735 1126 signa
749 1044 884 1120 deorum,

155 1143 241 1208 Dum
255 1143 336 1218 licet,
350 1142 514 1226 amplexas,
529 1163 729 1226 succensaque
743 1141 857 1224 templa
869 1152 1008 1203 tenentes

156 1240 305 1304 Invidiosa
318 1241 438 1303 trahunt
452 1239 578 1302 victores
592 1239 711 1322 premia
726 1237 820 1322 Graji.
1062 1231 1066 1237 ’

157 1336 286 1414 Mittitur
300 1338 457 1421 Astyanax
472 1336 528 1399 illis
542 1336 580 1398 de
588 1335 732 1413 turribus,
747 1336 827 1398 unde
1076 1337 1141 1398 410

158 1434 345 1516 Pugnautem
361 1457 414 1518 pro
428 1455 471 1511 se,
488 1434 678 1518 proavitaque
692 1448 783 1516 regna
796 1446 942 1510 tuentem,

157 1531 244 1614 Saepe
259 1531 360 1593 videre
375 1545 500 1614 patrem,
515 1545 708 1595 monstratum
723 1552 742 1593 a
762 1543 866 1608 matre,
881 1530 1007 1593 solebat.

157 1625 285 1712 Jamque
301 1629 377 1690 viam
393 1628 499 1690 suadet
513 1628 628 1691 Boreas
641 1650 649 1706 ;
671 1629 802 1712 flatuque
818 1627 949 1691 secundo

158 1723 292 1790 Carbasa
306 1739 386 1788 mota
401 1741 522 1789 sonant:
542 1724 628 1812 jubet
642 1727 685 1789 uti
701 1725 798 1788 navita
813 1725 919 1788 ventis.

159 1821 280 1908 ‘Troja,
296 1824 384 1886 vale:
407 1822 556 1907 rapimur:
572 1825 717 1886 clamant:
741 1823 871 1908 dantque
887 1824 989 1886 oscula
1001 1836 1089 1887 terrae

159 1923 311 1988 Troades:
335 1937 365 1986 et
379 1925 478 2008 patriae
493 1923 635 1987 fumantia
649 1939 728 1987 tecta
742 1925 921 2008 relinquunt.
1072 1925 1141 1990 ‘416

160 2021 274 2093 Ultima
287 2023 459 2086 conscendit
473 2023 597 2086 classem
615 2021 795 2108 (miserabile
811 2021 891 2107 visu)

160 2117 195 2182 ln
210 2111 313 2191 inediis
329 2119 457 2184 Hecube
472 2134 607 2183 natorum
622 2122 741 2183 inventa
755 2120 909 2204 sepulcris.

161 2213 354 2285 Pratitantem
370 2219 508 2295 tumulos,
523 2233 611 2302 atque
626 2219 737 2280 ossibus
751 2218 853 2280 oscula
867 2217 988 2280 dautem

161 2308 308 2377 Dulichiae
322 2315 439 2377 traxere
454 2337 568 2378 manus.
613 2313 730 2378 Tamen
744 2316 830 2378 unius
845 2316 952 2394 hausit,
1076 2317 1144 2380 420

161 2410 255 2495 Inque
270 2412 334 2472 sinu
349 2411 462 2473 eineres
477 2433 579 2474 secum
594 2413 660 2476 tulit
675 2412 813 2476 Hectoris
828 2415 959 2476 haustos.

162 2505 299 2570 Hectoris
313 2507 343 2568 itt
358 2508 472 2570 tumulo
486 2529 594 2570 canum
610 2510 647 2572 de
662 2511 772 2573 vertice
787 2511 911 2588 crinem,

161 2601 282 2668 Inferias
297 2606 411 2688 inopes,
426 2605 537 2668 crinem
553 2608 780 2692 lachrymasque
794 2596 962 2693 relinquit).

204 2701 270 2781 Est,
286 2703 336 2766 ubi
351 2701 442 2788 Troja
458 2702 522 2782 luit,
538 2696 676 2788 Plirygiae
691 2708 836 2769 contraria
850 2707 949 2783 tellus,

161 2801 302 2866 Bistoniis
317 2803 447 2866 habitata
463 2803 539 2866 viris.
585 2803 797 2888 Polymestoris
812 2805 875 2866 illic
1077 2803 1145 2866 425

162 2899 261 2983 Regia
276 2902 358 2964 dives
374 2913 446 2978 erat,
461 2903 510 2965 cui
525 2916 555 2964 te
569 2901 715 2965 commisit
729 2902 868 2964 alendum

163 2996 264 3076 Clam,
279 2997 441 3078 Polydore,
457 3014 551 3080 pater,
566 2999 765 3083 Phrygiisque
779 2999 905 3061 removit
919 2997 956 3060 ab
972 3017 1028 3060 aru
1035 2997 1092 3060 is..

119 3143 128 3150 -
162 3095 328 3160 Consilium
344 3097 473 3178 sapiens,
488 3099 605 3160 sceleris
620 3101 674 3162 nisi
690 3100 809 3182 praemia
823 3119 944 3182 magnas
1028 3111 1031 3119 ‘
1051 3151 1053 3154 .

163 3193 332 3278 Adjecisset
345 3215 430 3275 opes,
446 3196 534 3258 animi
550 3196 698 3260 irritamen
714 3197 804 3260 avari.

166 3291 207 3357 Ut
221 3291 328 3355 cecidit
342 3289 476 3355 Fortuna
491 3292 658 3378 Phrygum,
672 3296 752 3380 capit
766 3295 873 3379 impius
889 3315 992 3359 ensem
1077 3297 1147 3360 430

163 3390 236 3455 Rex
249 3387 413 3466 Thracum,
424 3388 586 3475 juguloque
601 3393 646 3455 sui
661 3393 761 3475 defigit
776 3394 901 3456 alumni:

163 3487 216 3565 Et,
231 3501 371 3572 tanquam
387 3487 449 3551 tolli
463 3509 532 3551 cum
546 3510 669 3574 corpore
684 3491 806 3554 crimina
820 3503 955 3575 possent,

163 3583 344 3651 Exanimem
359 3607 377 3651 e
392 3587 515 3672 scopulo
529 3586 674 3674 subjectas
689 3589 767 3654 misit
782 3589 812 3652 in
827 3587 933 3652 undas.
