2568 4248
577 391 770 448 umorem,

524 638 742 708 EPlS'IlOLA
771 637 814 704 X.

517 811 658 852 intuerer:
681 811 820 852 Tnssseo.

180 937 304 1004 Mra-rus
320 938 429 1014 inveni,
444 937 532 1022 quim
548 949 588 1013 te,
604 957 696 1019 genus
710 959 799 1000 omne
813 936 957 1002 serarum:

222 1036 346 1101 Credita
359 1057 418 1100 non
433 1035 495 1112 ulli,
510 1036 598 1118 quim
613 1035 676 1111 tibi,
692 1034 777 1120 pejits
791 1057 882 1098 eram.

180 1133 259 1209 Que
273 1135 357 1217 legis,
372 1155 412 1199 ex
427 1134 486 1210 illo,
500 1132 636 1210 Theseu,
652 1133 702 1196 tibi
716 1133 813 1196 littore
827 1134 922 1210 mitto,

222 1231 313 1296 Unde
328 1247 410 1294 tuam
424 1232 487 1293 sine
501 1252 550 1296 me
565 1231 632 1294 vela
647 1231 740 1294 tulere
755 1245 860 1294 ratem.

179 1329 215 1394 ln
231 1352 290 1414 quo
305 1351 354 1392 mc
370 1350 548 1412 somnusque
563 1349 646 1392 meus
661 1329 738 1392 male
754 1329 891 1411 prodidit,
906 1344 936 1393 et
951 1342 996 1408 tu,
1141 1334 1161 1398 5

221 1427 283 1489 Per
296 1426 407 1492 lacinus
421 1426 530 1490 somnis
546 1426 678 1490 insidiate
693 1426 777 1490 meis.

176 1523 314 1608 Tempus
329 1540 404 1600 erat,
420 1524 514 1590 vitrei
528 1546 588 1608 quo
603 1524 730 1607 primiun
744 1539 821 1588 terra
836 1525 942 1608 pruini

220 1621 383 1705 Spargitur,
399 1634 429 1683 et
443 1635 529 1686 tecte
544 1620 646 1686 sronde
662 1636 825 1706 queruntur
837 1644 918 1686 aves.

177 1720 326 1788 Incertitm
341 1719 473 1804 vigilans,
489 1741 507 1784 a
521 1741 625 1782 somno
638 1719 785 1801 languida,
800 1721 879 1782 moni

219 1818 342 1882 Thesea
356 1839 507 1902 pressuras
522 1817 701 1901 semisupina
716 1840 830 1880 manus.
1118 1823 1156 1885 10

177 1915 285 1981 Nullus
300 1931 378 1979 erat:
402 1915 555 1999 referoque
572 1936 686 1991 manus,
701 1915 866 2000 iterumque
881 1929 1009 1995 retento,

220 2015 337 2100 Perque
352 2030 448 2078 torum
463 2034 570 2076 moveo
583 2012 723 2075 brachia:
745 2015 843 2076 nullus
857 2027 930 2078 erat.

177 2111 346 2175 Excussere
361 2127 458 2176 metus
472 2133 619 2176 somnum.
664 2109 833 2174 Conterrita
846 2133 950 2194 surgo:

219 2208 415 2293 Membraque
430 2223 498 2272 sunt
514 2209 603 2272 viduo
618 2209 797 2292 precipitata
811 2224 885 2272 toro.

176 2306 315 2380 Protinus
330 2308 463 2374 adductis
478 2322 637 2370 sonuerunt
653 2321 773 2390 pectora
787 2308 909 2390 palmis:
1116 2311 1155 2376 tt

218 2403 321 2486 thue
336 2418 399 2466 erat
414 2427 431 2468 a
445 2426 550 2467 somno
565 2403 690 2481 turbida,
705 2418 788 2487 rapta
802 2427 888 2468 coma
902 2419 958 2468 est.

174 2499 262 2570 Luna
277 2499 347 2562 suit:
370 2516 484 2584 specto,
499 2501 523 2564 si
539 2501 620 2584 quid,
635 2503 690 2564 nisi
705 2503 810 2580 littora,
823 2524 953 2566 cernam.

217 2595 310 2672 Quod
328 2597 445 2661 videant
458 2597 547 2676 oculi,
563 2598 614 2675 nil,
629 2600 684 2664 nisi
699 2601 790 2678 littus,
805 2601 924 2664 habent.
1089 2677 1097 2690 ο

174 2693 264 2760 Nunc
282 2697 349 2773 huc,
365 2695 443 2762 nunc
458 2696 537 2773 illuc,
552 2709 585 2758 et
599 2711 735 2781 utroque,
751 2699 814 2761 sine
828 2699 940 2777 ordine,
955 2720 1059 2764 curro:

217 2796 290 2859 Alta
304 2795 448 2879 puellares
463 2795 557 2858 tardat
572 2816 660 2858 arena
674 2795 777 2878 pedes.
1111 2803 1154 2865 ω

174 2892 290 2957 Interea
307 2908 369 2957 toto
382 2893 520 2958 clamanti
536 2893 642 2969 littore,
658 2892 822 2971 ‘Theseu‚'

216 2991 396 3058 Reddebant
410 3012 518 3054 nomen
533 3013 664 3053 concava
679 3013 751 3054 saxa
766 3006 867 3056 tuum:

174 3087 215 3149 Et
227 3087 340 3170 quoties
356 3087 565 3167 egerentes
580 3088 663 3151 loeus
677 3090 740 3172 ipse
757 3091 890 3156 vocabat.

215 3184 284 3269 lpse
298 3185 381 3246 locus
396 3184 508 3250 misere
523 3183 598 3250 sene
613 3187 732 3250 volebat
747 3210 848 3270 opem.

172 3281 263 3348 Mons
278 3281 349 3358 suit3
371 3297 515 3366 appetent
531 3283 649 3348 frutices
663 3286 693 3348 *n
710 3287 820 3349 vertice
835 3286 908 3349 rari:
1111 3293 1155 3356 95

214 3380 295 3446 Hinc
309 3382 447 3465 scopulus
463 3383 557 3446 raucis
572 3384 683 3466 pendet
697 3384 803 3447 adesus
817 3385 913 3468 aquis.

173 3481 334 3549 Adscendo
350 3479 442 3568 (vires
457 3481 571 3544 mimus
585 3480 701 3567 dabat),
716 3496 805 3566 atque
820 3483 860 3547 ita
874 3483 933 3549 lat'e

215 3578 348 3664 AEquora
362 3595 520 3666 prospectu
535 3578 641 3642 metior
655 3579 713 3642 alta
728 3601 806 3644 meo.
