2568 4248
189 457 250 520 184
407 457 561 512 TRISTIA.
594 457 662 510 LIB.
684 459 731 509 tv.
754 457 892 510 2me
909 459 943 511 tt

185 611 299 689 Gratia,
314 609 415 688 Musa,
429 607 492 673 tibi.
538 607 618 672 Nam
632 621 664 672 tu
679 607 782 671 solatia
796 609 928 693 probem

132 725 134 730 ·
227 708 278 771 Tu
293 730 368 772 ourae
384 708 511 791 requies,
525 719 556 770 tu
573 705 717 769 medicina
731 705 818 769 moli:

184 804 235 869 'I'u
251 806 323 883 dux,
338 819 371 868 tu
385 825 486 868 comes
501 824 550 866 os:
572 815 604 866 tu
619 825 672 866 nos
687 803 808 867 obducis
822 804 859 867 ab
874 801 950 868 Istro

228 901 262 965 In
278 902 436 987 medioque
452 901 524 964 mihi
539 901 591 964 das
608 899 754 962 Helieone
772 900 882 964 locum.
1106 905 1167 968 120

185 998 236 1063 Tu
251 1000 324 1063 mihi
341 998 435 1086 (quod
449 997 561 1083 rarum)
580 997 648 1061 vivo
662 997 787 1060 sublime
803 997 908 1061 dedisti

168 1111 172 1120 '
229 1096 368 1174 Nomen3
391 1098 428 1160 ab
443 1097 591 1180 exsequiis
606 1095 685 1180 quod
700 1095 771 1159 dare
786 1094 883 1160 Fama
896 1095 981 1160 solet.

186 1193 265 1271 Neo,
282 1196 331 1279 qui
346 1196 491 1257 detrectat
506 1193 669 1277 praesontia,
684 1191 778 1257 Livor
792 1193 893 1276 iniquo

228 1291 333 1355 Ullum
347 1292 384 1354 de
401 1291 504 1354 nostris
519 1291 609 1353 dente
624 1290 782 1354 momordit
796 1311 882 1374 opus.

186 1386 277 1465 Nam,
292 1388 411 1450 tulerint
425 1407 546 1469 magnos
560 1385 630 1450 crim
644 1386 750 1450 saecula
764 1399 863 1451 nostra
877 1391 992 1473 postas,
1104 1391 1165 1454 125

229 1482 299 1546 Non
314 1483 369 1546 suit
383 1484 501 1566 ingenio
515 1482 611 1546 Fama
626 1483 755 1566 maligna
768 1505 848 1548 meo.

186 1577 327 1664 Cirmque
343 1601 399 1664 ego
414 1601 583 1664 proponam
598 1581 707 1644 multos
721 1581 811 1658 mihi3
832 1604 891 1645 non
907 1582 1002 1646 minor
1014 1581 1071 1647 iliis

228 1676 338 1740 Dicor:
362 1691 393 1740 et
408 1677 437 1740 in
451 1689 514 1739 toto
528 1677 670 1760 plurimus
684 1679 756 1740 orbe
769 1679 862 1762 legor.

186 1773 218 1838 Si
234 1775 303 1858 quid
318 1774 428 1837 habent
444 1775 530 1856 igitur
544 1787 644 1837 votum
660 1775 801 1859 prosagia
816 1777 897 1858 reri;

229 1872 367 1935 Protinus
381 1886 415 1935 ut
427 1871 545 1948 moriar,
559 1893 618 1934 non
633 1891 695 1950 ero,
710 1887 797 1951 terra,
811 1888 891 1937 tuus.
1103 1876 1166 1942 130

185 1967 257 2032 Sive
271 1967 371 2034 favore
385 1970 449 2048 tuli,
463 1969 526 2032 sive
541 1969 618 2032 hano
633 1990 691 2051 ego
704 1969 835 2033 carmine
849 1969 968 2049 samam,

227 2061 301 2128 Juro
316 2065 368 2129 tibi
381 2079 489 2149 grates,
502 2064 627 2128 candide
642 2065 745 2145 lector,
760 2085 828 2151 ago.
