2568 4248
515 409 623 462 UBRR
647 409 704 462 XV.

115 560 161 627 Et
174 563 262 648 lepus
276 559 445 646 immidus
458 561 565 626 mediis
580 562 687 625 mvit
701 561 731 624 in
747 561 840 644 agris.

115 659 187 725 Nec
200 681 255 724 sua
269 660 426 724 credulitas
441 660 553 744 piscem
569 659 762 744 suspenderat
777 659 883 722 harno:

116 757 240 822 Cuncta
253 758 317 822 sine
332 757 453 835 insidiis,
467 758 638 842 nullamque
652 757 785 820 timentia
799 755 945 835 fraudem,

116 854 274 941 Plenaque
290 855 371 939 pacis
386 849 500 940 eradt„
524 854 688 939 Postquam
702 875 769 917 non
777 854 855 918 utilis
869 867 972 918 auctor

119 952 257 1017 Victibus
271 953 386 1030 invidit,
404 951 550 1038 (quisquis
565 951 619 1016 suit
634 953 683 1014 ille
695 950 844 1042 virorum)

118 1051 349 1136 corporeasque
364 1052 456 1136 dapes
471 1052 588 1114 avidam
603 1051 744 1114 demersit
759 1051 789 1122 in
804 1053 904 1114 alvum
912 1071 923 1128 ς

117 1147 209 1214 Fecit
224 1151 279 1214 iter
291 1149 412 1213 sceleri:
436 1149 591 1234 primique
606 1171 624 1212 e
638 1150 720 1214 caeda
736 1148 862 1214 semrom

118 1247 281 1312 incaluisse
297 1262 400 1332 putem
414 1248 595 1312 maculatum
609 1248 751 1330 sanguine
767 1248 910 1320 serrum..

118 1346 215 1431 quue
229 1347 299 1410 satis
315 1345 426 1409 suerat:
449 1360 640 1431 nostnrmqua
654 1347 787 1430 petentia
801 1347 894 1410 letum

118 1444 255 1529 Corpora
270 1445 358 1507 missa
371 1444 449 1521 decl,
463 1445 547 1507 salvd
560 1445 681 1528 pietate
698 1443 840 1508 fatemur:

118 1543 182 1606 Sed
198 1547 287 1628 quam
302 1543 399 1606 danda
413 1543 491 1620 naci,
506 1557 567 1606 tam
582 1563 640 1606 non
655 1543 804 1626 epulanda
818 1541 946 1606 suerum.

95 1640 252 1722 slongilrs
266 1640 334 1703 inde
349 1639 432 1702 nefas
447 1640 534 1728 abiit:
557 1654 588 1704 et
602 1641 697 1725 prima
711 1656 832 1725 putatur

117 1737 226 1802 Hostia
241 1759 290 1801 sus
305 1739 446 1801 memisse
461 1738 545 1816 mori,
561 1740 629 1823 quia
643 1739 756 1802 semina
771 1740 869 1823 pando

117 1835 239 1901 Eruerit
254 1851 357 1914 rostro,
372 1857 517 1921 spemque
532 1837 722 1921 interceperit
737 1838 817 1901 anni.

77 1965 105 2015 s
117 1934 192 2000 Vite
207 1955 298 2018 caper
310 1934 411 1998 moreti
423 1935 538 2024 Bacchi
552 1937 725 2000 mactandus
739 1936 777 2000 ad
792 1957 856 1998 aras

115 2031 247 2096 Ducitur
262 2031 372 2096 ultoris.
417 2031 529 2097 Noouit
543 2055 596 2096 sua
610 2035 700 2117 culpa
714 2034 839 2096 duobus.

116 2129 203 2205 Quid
217 2130 363 2194 meruistis
377 2152 460 2208 oves,
477 2131 627 2215 placidum
642 2153 745 2215 pecus,
760 2133 850 2216 inque
864 2129 991 2195 tuendos

115 2227 230 2292 Netum
246 2229 392 2305 homines,
406 2229 496 2312 pleno
511 2251 574 2314 quae
590 2229 669 2293 sertis
684 2231 714 2292 in
729 2230 820 2292 ubera
835 2230 958 2293 nectar?

115 2325 302 2411 Molliaque
319 2327 402 2390 nobis
417 2342 528 2390 vestras
544 2329 691 2392 velamina
705 2329 786 2392 lanas

114 2425 271 2502 Praebetis,
287 2424 407 2510 vitiaque
422 2424 526 2508 magis,
541 2428 630 2511 qudm
644 2441 739 2489 morte
750 2427 871 2512 juvatis.

115 2523 201 2597 Quid
216 2522 354 2586 merudre
369 2523 472 2600 boves,
487 2524 593 2586 animal
610 2524 673 2587 sine
689 2522 790 2587 fraude
805 2524 950 2609 dolisque,

114 2607 293 2698 Innocuam,
308 2620 448 2702 simplex,
463 2635 564 2684 natum
580 2623 705 2686 tolerare
721 2623 857 2686 labores?

114 2717 280 2781 Immemor
293 2732 338 2781 ast
352 2717 485 2796 demum,
499 2739 557 2781 nec
572 2719 688 2802 frugum
703 2739 825 2782 munere
840 2719 957 2800 dignus,

114 2814 179 2890 Qui
195 2817 293 2900 potuit
306 2818 389 2880 curvi
405 2817 526 2900 dempto
540 2818 630 2880 modo
645 2818 776 2901 pondere
792 2817 877 2880 ataui

115 2914 291 2977 Ruricolam
305 2928 435 2977 mactare
450 2935 555 2977 suum:
579 2916 629 3000 qui
644 2916 711 2978 trita
726 2916 826 2978 labore
875 2979 878 2983 .

116 3011 179 3090 illa,
195 3013 302 3096 quibus
317 3013 404 3074 toties
419 3012 525 3074 durum
540 3027 735 3076 renovaverat
749 3033 863 3090 arvum,

113 3109 177 3174 Tot
192 3109 316 3173 dederat
330 3131 453 3188 messes,
469 3111 613 3193 percussit
627 3112 704 3174 colla
718 3113 823 3175 securi.

155 3207 225 3272 Nec
239 3207 309 3276 satis
324 3221 381 3285 est,
395 3208 475 3291 quod
490 3209 549 3270 tale
564 3209 647 3272 nasas
662 3209 873 3273 committitur:
896 3210 977 3294 ipsos

114 3307 295 3390 inscripsere
310 3304 383 3368 deos
397 3307 513 3382 sceleri,
528 3327 699 3391 numenque
718 3329 879 3391 supernum

112 3403 207 3470 Caede
223 3401 371 3466 laboriferi
385 3403 511 3467 credunt
525 3405 655 3487 gaudere
666 3404 799 3490 juvenci.

112 3502 248 3567 Victima
261 3501 329 3564 labe
346 3521 461 3579 carenS,
476 3515 507 3564 at
521 3503 758 3585 praestantissime
777 3502 883 3581 sonnd,

113 3600 212 3691 (Nam
228 3599 375 3684 placuisse
391 3599 494 3684 nocet)
512 3600 590 3664 vittis
604 3601 754 3685 praesignis
769 3615 800 3664 et
814 3621 897 3678 auro,
