2568 4248
173 427 231 500 ,ω
266 489 269 494 ,
476 417 824 486 uerrucar'rrossou

164 585 339 654 mmmodo
352 585 431 670 quod
447 584 548 648 fratres
563 584 711 648 Telamon
727 583 899 668 Peleusque
914 581 1047 665 filerunt,

164 686 267 772 Ajacis
281 686 417 748 meritum
433 685 562 756 nonsit:
587 705 643 745 nec
659 683 808 764 sanguinis
823 683 905 760 ordo,

165 784 225 847 Sed
241 785 354 846 virtutis
370 785 463 845 bones
478 782 578 863 spoliis
595 795 740 864 queratur
755 783 783 842 in
795 781 871 842 istis·

164 882 227 945 Aut
242 881 265 942 si
283 882 454 963 proximitas
471 881 639 962 primusque
655 879 810 960 requiritur
825 879 934 955 haeres;

165 977 218 1041 Est
235 981 350 1060 genitor
367 979 485 1052 Peleus,
501 991 545 1038 est
562 976 694 1058 Pyrrhus
709 977 783 1038 lilius
801 977 851 1038 illi.
1088 979 1148 1040 155

165 1076 243 1150 Quis
258 1078 341 1139 locus
356 1076 464 1160 Ajaci?
488 1074 628 1136 Phthiam
645 1073 800 1155 Scyronve
815 1073 954 1136 ferantur.

164 1171 233 1238 Neo
248 1173 344 1236 minus
359 1189 403 1236 est
418 1175 473 1235 isto
488 1170 608 1233 Teucer
623 1172 761 1254 patruelis
777 1171 898 1233 Achilli.

164 1269 192 1334 N
198 1294 246 1333 um
263 1273 336 1354 petit
352 1272 400 1333 ille
416 1271 536 1332 tamen?
559 1291 629 1330 num
645 1283 754 1350 sperat,
769 1283 802 1330 ut
817 1268 928 1332 auferat
944 1271 1048 1333 arma?

208 1368 290 1450 Ergo
304 1389 429 1452 operum
446 1368 582 1450 quoniam
599 1366 710 1427 nudum
726 1381 875 1428 certamen
894 1367 1036 1446 habetur3

164 1464 255 1528 Plura
270 1466 388 1549 quidem
405 1464 471 1539 suci,
487 1467 574 1547 quim
591 1485 655 1548 quae
671 1465 884 1546 comprendere
899 1465 984 1527 dictis
1071 1468 1147 1530 Ι160

164 1561 198 1624 In
214 1575 351 1644 promptu
368 1561 437 1622 milti
453 1562 506 1622 sit:
530 1581 627 1623 rerum
642 1574 745 1622 tamen·
758 1562 860 1624 ordine
876 1563 976 1625 ducar.

164 1657 291 1722 Praescia
307 1657 420 1720 venturi
436 1658 562 1739 genitrix
579 1657 690 1720 Nereia
704 1658 755 1721 leti

164 1755 338 1819 Dissimulet
352 1755 433 1818 cultu
449 1769 561 1817 natum.
607 1755 780 1838 Deceperat
795 1778 908 1834 omncs,

163 1851 199 1916 ln
215 1853 319 1937 quibus
336 1853 473 1938 Ajacem,
488 1867 611 1935 sumptae
624 1852 738 1916 fallacia
755 1855 853 1916 vestis.

164 1951 259 2014 Arma
274 1972 330 2033 ego
346 1950 501 2026 soemineis,
518 1952 646 2011 animum
662 1965 777 2013 motura
793 1952 916 2028 virilem,
1082 1955 1148 2020 165

164 2045 315 2112 Mercibus
330 2046 447 2110 inserui.
493 2045 601 2131 Neque
617 2048 714 2110 adhuc
730 2049 893 2132 projecerat
910 2049 995 2112 beros

165 2144 322 2228 Virgineus
337 2146 463 2221 habitus,
478 2148 548 2207 oiim
561 2165 691 2227 parmam
708 2147 881 2230 hastamque
897 2149 1020 2227 tenenti,

158 2249 184 2280 '“
195 2241 273 2306 Nate
290 2243 378 2320 deb,''
395 2243 466 2320 dixi,
483 2244 563 2305 “tibi
579 2265 610 2304 se
628 2245 755 2325 peritura
770 2260 920 2308 reservant

164 2340 321 2423 Pergama.
368 2339 452 2412 Quid
468 2341 583 2402 dubitas
599 2337 747 2422 ingentem
764 2357 898 2404 evertere
913 2343 1035 2429 Trojam
1045 2344 1081 2407 ?’'

163 2436 317 2520 lnjecique
333 2459 464 2513 manum,
483 2437 648 2520 fortemque
659 2439 701 2498 'nd
717 2438 800 2500 sortia
815 2441 890 2502 misi.
1082 2445 1147 2506 170

164 2533 246 2615 Ergo
261 2553 352 2615 opera
367 2534 442 2594 illius
457 2555 525 2595 mea
539 2549 616 2596 sunt.
663 2535 730 2618 Ego
745 2535 903 2620 Telephon
920 2538 1006 2600 hasta

163 2629 352 2712 Pugnantem
371 2631 489 2693 domui:
513 2632 624 2694 victum
640 2649 831 2716 orantemque
847 2635 948 2697 refeci.

207 2729 301 2803 Quod
316 2727 431 2793 Thebae
446 2731 593 2807 cecidere,
610 2753 709 2792 mcum
726 2745 788 2806 est;
820 2754 868 2793 me
883 2733 993 2794 credite
1008 2731 1146 2813 Lesbon,

163 2827 217 2892 Me
233 2829 392 2906 Tenedon,
408 2827 618 2912 Chrysenque,
635 2842 665 2890 et
680 2827 802 2910 Cyllan,
821 2829 964 2914 Apollinis
979 2831 1078 2908 urbes,

164 2926 206 2990 Et
221 2929 319 3012 Syron
334 2928 466 3010 cepisse:
490 2928 559 2989 med
573 2947 716 2988 concussa
731 2940 833 3010 putate
1082 2931 1147 2992 175

163 3025 360 3088 Procubuisse
376 3025 438 3085 solo
453 3024 599 3104 Lyrnesia
615 3023 724 3085 moenia
740 3023 855 3086 dextri.
938 3097 949 3112 ι

163 3119 265 3204 thue
280 3121 350 3182 alias
365 3133 500 3194 taceem3
524 3119 572 3202 qui
588 3141 697 3180 sevum
714 3123 837 3204 perdere
855 3135 954 3205 posset

163 3215 303 3294 Hectora,
318 3237 427 3298 nempe
442 3215 527 3278 dodi:
552 3237 605 3299 per
619 3237 667 3277 me
679 3216 760 3301 jacet
775 3219 902 3302 inclytus
918 3217 1043 3283 Hector.

163 3313 223 3377 lllis
237 3315 300 3377 baec
315 3314 412 3390 armis,
428 3313 532 3396 quibus
548 3328 593 3375 est
608 3315 745 3376 inventus
764 3317 905 3393 Achilles,

162 3413 256 3476 Arma
272 3427 359 3496 peto:
384 3411 453 3472 vivo
469 3411 619 3488 dederam,
635 3427 702 3495 post
717 3412 776 3475 suta
790 3436 922 3498 reposco.
1081 3416 1146 3479 180

205 3509 249 3572 Ut
265 3511 348 3572 dolor
361 3510 446 3571 unius
462 3507 584 3572 Danaos
600 3511 734 3594 pervenit
750 3511 787 3572 ad
802 3533 916 3590 omnes,

162 3605 334 3686 Aulidaque
351 3603 518 3668 Euboicam
533 3607 721 3688 complerunt
736 3608 816 3668 mille
831 3609 953 3677 carinae:
