2568 4248
462 441 636 494 EPISTOLA
660 443 733 494 rm.

102 585 163 650 His
177 608 236 670 ego
250 600 281 650 te
297 587 417 664 victam,
430 607 552 652 consors
567 585 678 652 ledes
692 589 836 670 gemeliis,

147 685 308 770 Suspicor:
332 685 397 748 hec
413 684 527 750 Danais
541 707 629 770 posse
645 707 753 750 nocere
768 703 852 772 puto.

102 781 238 848 Hectora
252 783 458 867 nescioquem
475 784 576 846 timeo.
621 784 705 848 Pan's
726 783 859 851 Hectora
873 789 949 856 dixit

146 881 258 945 Ferrea
272 881 435 964 sanguinei
447 881 526 946 bella
540 903 662 946 movere
676 905 777 947 manu.

103 977 247 1057 Hectora,
263 980 393 1064 quisquis
407 979 431 1044 is
446 993 501 1057 est,
515 980 540 1042 si
555 1001 621 1044 sum
636 980 688 1044 tibi
703 1002 782 1060 cara,
797 997 914 1048 caveto.

146 1076 303 1160 Signatum
317 1078 441 1140 memori
455 1092 578 1162 pectore
592 1099 704 1142 nomeu
719 1079 807 1143 habe.

103 1172 196 1238 Hunc
210 1175 261 1239 ubi
276 1174 386 1252 vitiris,
402 1175 474 1240 aiios
490 1176 583 1240 vitare
598 1189 771 1240 memento:

145 1271 189 1335 Et
204 1272 313 1335 multos
328 1272 389 1334 illic
404 1270 551 1336 Hectoras
566 1294 632 1338 esse
647 1288 731 1357 puta.

103 1367 145 1432 Et
158 1368 249 1432 facito
263 1369 485 1453 dicas,·quoties
501 1392 633 1455 pugnare
648 1372 774 1456 parabis,

145 1465 293 1532 ‘Parcere
308 1489 357 1530 me
369 1466 457 1552 jussit
470 1467 634 1532 hodonis
648 1469 726 1532 sibi?

102 1564 135 1628 Si
150 1565 259 1628 cadere
276 1554 417 1648 Argolico
432 1565 475 1630 ses
490 1581 536 1630 est
550 1565 605 1630 sub
620 1567 711 1630 milite
726 1567 870 1653 Trojam;

143 1663 194 1726 Te
209 1685 329 1748 quoque
344 1687 403 1727 non
418 1665 513 1728 ullum
529 1665 635 1728 vulnus
650 1665 778 1730 habente
792 1667 889 1730 cadat.

100 1760 234 1843 Pugnet,
249 1776 280 1825 et
295 1762 432 1848 adversos
447 1763 550 1826 tendat
564 1761 724 1826 Menelaiis
737 1764 768 1825 in
784 1764 905 1828 hostes:

142 1857 190 1922 Ut
202 1859 296 1942 rapiat
311 1860 434 1938 Paridit,
450 1882 539 1944 quam
554 1859 638 1924 Paris
653 1863 721 1924 ante
736 1861 801 1923 sibi.

101 1954 216 2032 Irmat;
239 1970 271 2019 et
284 1957 377 2020 causti
391 1979 481 2041 quem
496 1959 597 2036 vincit,
614 1959 711 2022 vincat
726 1973 756 2021 et
771 1957 870 2020 armis.
947 2007 956 2022 .

143 2053 288 2117 Hostibus
303 2076 321 2118 e
336 2055 441 2118 mediis
456 2070 549 2139 nupta
564 2055 695 2139 petenda
710 2055 772 2118 viro
787 2069 843 2119 est.

100 2150 203 2214 Causa
218 2167 269 2216 tua
282 2167 328 2216 est
343 2153 451 2236 dispar.
495 2153 546 2216 Tu
561 2153 676 2216 tontinn
692 2152 791 2214 vivere
806 2173 915 2236 pugna,

143 2249 242 2334 Inque
258 2251 322 2334 pios
337 2251 463 2316 domine
478 2272 566 2334 posse
581 2251 676 2314 redire
692 2250 783 2313 sinus.

101 2347 232 2426 Parcite,
247 2347 437 2424 Dardanide,
452 2349 489 2412 de
505 2361 549 2412 tot
566 2347 699 2433 (precor)
717 2348 850 2412 hostibus
863 2350 933 2413 uni:

144 2445 194 2509 Nc
209 2469 294 2510 meus
309 2469 349 2510 ex
364 2448 414 2510 ilio
427 2468 551 2529 corpore
566 2446 683 2528 sanguis
697 2461 757 2510 eat.

100 2543 193 2609 Nunc
207 2544 318 2620 sate0r;
341 2544 419 2607 volui
434 2564 592 2619 revocare3
616 2545 789 2629 animusque
804 2544 936 2625 serebat3

144 2642 281 2706 Substitit
296 2640 417 2723 auspicii
432 2641 531 2723 lingua
546 2641 649 2704 timore
666 2642 746 2704 mali.

100 2738 184 2805 Ctim
199 2738 308 2802 foribus
323 2739 418 2801 velles
432 2738 469 2800 ad
484 2738 607 2824 Trojom
623 2740 705 2800 exire
721 2741 861 2822 paternis,

144 2835 206 2898 Pes
223 2853 290 2898 tuus
305 2836 419 2899 offenso
434 2836 534 2900 limine
549 2837 633 2918 signa
647 2835 740 2897 dedit.

100 2933 146 2997 Ut
162 2933 233 3011 vidi,
248 2948 281 2996 ut
295 2935 395 3016 gemui
404 2956 413 3010 ;
435 2935 582 3018 tacitoque
598 2934 627 2996 in
643 2945 764 3016 pectore
779 2931 859 2996 dixi:

5 3023 6 3032 ³
144 3031 256 3113 ‘Signa
271 3032 415 3094 reversuri
430 3032 498 3107 sint,
512 3053 627 3115 precor,
642 3031 697 3093 ista
713 3029 787 3092 viri!

101 3128 177 3193 Haec
192 3130 245 3192 tibi
259 3151 338 3192 nunc
353 3127 459 3206 resero,
474 3151 512 3192 ne
527 3131 566 3191 sis
581 3129 729 3192 animosus
744 3129 773 3192 in
788 3129 893 3192 armis:

143 3227 209 3291 Fac
224 3248 309 3290 meus
325 3228 354 3290 in
373 3240 476 3289 ventos
492 3226 540 3288 hic
554 3227 641 3289 timor
655 3227 750 3289 omnis
767 3240 825 3288 eat.

100 3326 172 3390 Sors
189 3347 307 3409 quoque
322 3324 424 3387 nescio
440 3345 529 3407 quem
546 3322 606 3386 sato
620 3324 754 3406 designat
768 3325 880 3408 iniquo,

145 3422 210 3497 Qui
226 3422 337 3506 pn'mus
351 3421 492 3484 Danarinr
506 3420 627 3485 Troada
642 3436 741 3504 tangat
756 3424 890 3486 humum.

100 3521 223 3598 Infelix,
240 3542 304 3605 quae
319 3520 413 3604 prima
430 3519 523 3582 virum
539 3520 650 3602 lugebit
663 3521 853 3603 ademptum!

144 3620 188 3684 Di
203 3617 323 3695 saciant,
338 3639 376 3680 ne
393 3631 424 3679 tu
440 3631 575 3680 strenuus
590 3639 655 3680 esse
671 3618 762 3680 veiis!

410 3717 450 3775 15
