2576 4232
548 343 656 396 um
673 344 745 396 vm.

157 491 276 558 Fistula
289 493 453 579 disparibus
467 493 609 576 paeleum
623 495 714 576 surgit
728 493 840 558 areum.

157 591 243 654 Tum
256 592 316 654 lino
331 591 453 668 medias,
468 604 499 652 et
512 591 588 654 ceris
602 591 701 673 alligat
715 591 800 654 imas.

158 689 263 773 Atque
277 689 316 752 ita
330 688 508 771 compositas
523 708 615 771 parvo
623 689 799 752 curvamine
810 687 921 768 flectit3

157 785 205 852 Ut
219 807 303 848 veras
318 785 468 848 imitentur
481 805 562 848 aves.
606 781 689 848 Puer
702 785 801 848 lcarus
816 785 876 849 uni

159 882 281 945 Stabat:
305 895 346 959 et,
360 881 477 962 ignarae
491 901 545 944 sua
557 901 590 944 se
604 895 729 945 tractare
744 882 864 965 pericla,

158 978 223 1042 Ore
237 979 393 1055 renidenti,
409 978 498 1042 modo
513 999 586 1062 quas
601 999 676 1060 vage
690 992 823 1044 moverat
837 999 917 1055 aura,

158 1074 310 1158 Captabat
324 1075 455 1158 plumes:
478 1075 586 1138 flavam
600 1074 691 1138 modo
706 1075 813 1158 pollice
827 1095 926 1140 ceram

157 1169 309 1248 Mollibat,
322 1173 448 1255 lusuque
463 1192 518 1234 suo
531 1170 663 1234 mirabile
677 1172 767 1256 patris

158 1268 345 1352 impediebat
358 1290 444 1353 opus.
488 1267 651 1352 Postquam
663 1289 770 1336 mauris
785 1269 887 1332 ultima
899 1269 1007 1354 creptis

158 1365 303 1450 Imposita
316 1380 380 1444 est3
401 1366 534 1448 geminas
547 1364 650 1450 opifex
664 1365 779 1430 libravit
794 1366 823 1430 in
838 1366 899 1430 alae

158 1461 229 1548 lpse
243 1487 329 1527 suum
343 1485 467 1548 corpus:
489 1464 630 1547 motique
647 1464 788 1547 pependit
802 1464 831 1528 iu
847 1464 951 1534 auri..

202 1560 322 1624 Instruit
336 1575 367 1624 et
380 1575 500 1624 natum:
523 1559 706 1644 ‘llledioque
721 1575 753 1624 ut
768 1561 860 1626 lintite
873 1583 984 1641 arras,

157 1658 263 1736 lcare‚'
279 1659 329 1737 ait,
345 1667 487 1722 ‘moneo:
510 1679 559 1735 ne,
573 1657 598 1721 si
613 1658 765 1722 demissior
778 1658 842 1736 ibis,

157 1755 250 1822 Unda
264 1769 365 1838 gravet
379 1777 510 1839 pennas3
531 1755 556 1818 si
569 1755 685 1832 celsior,
700 1755 773 1838 ignis
787 1755 900 1820 adium.

157 1852 242 1917 Inter
255 1867 410 1937 utrumque
426 1853 503 1916 vola.
547 1851 615 1916 Nec
629 1867 660 1917 te
674 1867 808 1942 spectare
822 1852 953 1932 Bodten,

157 1950 225 2013 Aut
239 1949 366 2014 Helicen
377 1949 481 2035 jubeo,
495 1949 667 2014 strictumve
682 1950 802 2014 Orionis
816 1971 930 2014 ensem.

157 2046 214 2110 Me
229 2049 316 2126 duce,
329 2069 418 2132 carpe
434 2048 532 2110 viam’
576 2046 692 2112 Pariter
705 2061 852 2132 precepta
866 2047 985 2112 volandi

156 2145 282 2222 Tradit;
304 2159 335 2208 et
349 2146 463 2228 ignotas
478 2145 608 2209 humeris
623 2144 830 2208 adcommodat
846 2144 918 2208 alas.

157 2243 241 2308 lnter
250 2265 326 2325 opus
340 2243 526 2326 monitusque
540 2263 624 2325 gene
638 2241 779 2304 maduere
793 2241 918 2306 seniles:

158 2341 201 2405 Et
215 2341 313 2425 patriae
328 2340 474 2402 tremuere
484 2360 604 2406 manus.
648 2338 742 2402 Dedit
756 2340 858 2404 oscula
871 2352 942 2406 nato

157 2437 229 2502 Non
244 2437 350 2500 itemm
364 2435 526 2519 repetenda
538 2457 610 2499 suo:
634 2436 797 2522 pennisque
811 2438 926 2502 levatus

157 2535 240 2600 Ant'e
256 2535 352 2612 volat;
374 2533 533 2618 comitique
547 2534 648 2598 timet:
673 2535 753 2598 velut
768 2535 840 2613 ales,
850 2536 889 2599 ab
902 2535 962 2602 alto

156 2631 237 2708 Quae
252 2647 383 2696 teneram
398 2631 512 2715 prolem
526 2631 662 2714 producit
677 2632 706 2694 in
721 2636 789 2696 ae'ra
802 2634 882 2698 nido.

156 2729 358 2814 Hortaturque
374 2727 457 2812 sequi
466 2749 475 2804 ;
497 2728 710 2812 damnosasque
725 2730 820 2792 erudit
833 2742 929 2794 emes:

157 2828 200 2892 Et
215 2841 315 2890 movet
330 2827 393 2910 ipse
408 2847 486 2904 suas,
500 2840 532 2888 et
546 2826 606 2890 nati
620 2826 739 2907 respicit
753 2826 824 2888 alas.

200 2925 267 2988 Hos
282 2925 395 3008 aliquis,
410 2923 536 2986 tremuli
549 2923 620 2986 dum
634 2935 735 3006 captat
749 2921 890 2986 arundine
904 2921 1012 3006 pisces,

157 3025 223 3088 Aut
238 3035 336 3106 pastor
348 3021 465 3097 baculo,
480 3020 594 3084 stivive
609 3022 727 3084 innixus
742 3034 846 3099 arator,

158 3119 254 3197 Vidit,
270 3133 300 3182 et
314 3119 480 3202 obstupuit:
505 3118 613 3202 quique
628 3119 737 3184 ethera
750 3139 872 3202 carpere
886 3131 1017 3203 possent,

153 3218 295 3283 Credidit
308 3239 372 3280 esse
387 3217 470 3280 deos.
515 3214 557 3278 Et
566 3215 630 3300 jam
644 3216 774 3282 Junonia
787 3217 863 3280 lavit

156 3318 248 3380 Parte
264 3315 369 3377 Samos
384 3314 509 3390 fuerant,
525 3312 690 3398 Delosque,
705 3313 858 3399 Pameque
877 3314 1012 3380 relicto:-

156 3416 275 3480 Dextra
290 3413 465 3496 Lebynthoe
479 3425 573 3488 erant,
590 3410 786 3497 foecundaque
800 3414 889 3478 melle
904 3412 1074 3498 Calymne:
1088 3411 1132 3476 40

155 3511 238 3578 Cum
256 3532 331 3594 puer
346 3509 448 3574 audaci
462 3509 555 3594 coepit
570 3509 697 3592 gaudere
713 3509 833 3586 volatu3
