2572 4242
547 415 653 466 usne
674 415 722 466 ut.

145 565 246 630 Causa
260 562 313 628 suit
326 565 434 640 luctis,
449 565 603 647 alienoque
617 585 727 628 cornua
741 563 827 628 tiunti

144 661 267 738 Addita,
282 683 394 746 vosque
408 683 498 724 canes
512 663 620 725 satiata*
636 663 776 744 sanguine
792 661 886 724 herili.

144 760 187 823 At
202 760 279 822 bene
294 760 319 822 si
335 780 465 842 quaeras;
487 758 625 822 Fortuna
640 761 751 822 crimen
767 761 795 822 in
811 759 871 836 ilio,

145 855 213 919 Non
228 857 325 918 scelus
339 857 482 918 invenies.
527 854 620 930 Quod
635 858 715 919 enim
728 858 826 920 scelus
841 877 920 920 error
934 857 1085 922 habebat?

186 953 248 1016 Dat
264 975 365 1037 sparso
377 953 468 1036 cupiti
484 953 594 1016 vivacis
607 975 717 1016 cornua
730 954 811 1017 cervi
821 945 872 1026 :si
1056 957 1118 1020 teo

144 1049 207 1113 Dat
221 1051 347 1133 spatium
361 1051 456 1113 coilo:
478 1071 667 1134 summasque
681 1051 847 1134 cacurninat
860 1071 963 1116 amec:

144 1145 225 1210 Cum
240 1147 426 1230 pedibusque
439 1167 554 1224 manus,
569 1167 638 1210 cum
654 1147 747 1228 longis
761 1147 880 1210 brachie
897 1161 992 1212 mutat

142 1243 304 1306 Curribus:
328 1258 359 1306 et
374 1243 452 1306 velet
466 1244 617 1307 maculoso
632 1245 740 1306 vellere
754 1265 872 1328 corpus.

87 1396 98 1414 ,
143 1341 272 1403 Additus
286 1356 317 1402 et
332 1361 425 1423 pavor
438 1353 493 1402 est.
539 1339 631 1424 Fugit
645 1341 814 1404 Autoueius
828 1343 931 1406 heros:

143 1437 186 1500 Et
200 1459 232 1499 se
248 1451 309 1500 tam
322 1438 451 1501 celerent
465 1459 552 1500 cursu
567 1439 729 1502 miratorio
745 1441 820 1522 ipso.
1058 1439 1118 1504 125

142 1534 187 1598 Ut
202 1535 274 1597 verb
287 1536 377 1598 solitis
391 1557 445 1598 sua
458 1556 569 1598 cornua
582 1536 655 1600 vidit
669 1536 698 1598 in
713 1537 811 1613 undis,

143 1631 217 1694 ‘Me
232 1633 371 1694 miserum
382 1632 401 1695 !'
423 1631 552 1694 dicturus
567 1647 645 1696 erat:
669 1653 728 1696 vox
743 1634 824 1696 nulla
837 1647 940 1698 secuta
953 1646 1010 1698 est.

142 1729 292 1812 Ingemuit
301 1751 310 1806 ;
333 1751 393 1792 vox
408 1729 457 1792 illa
471 1729 541 1793 brit:
565 1730 760 1816 lacrymaeque
776 1751 895 1814 perora

142 1827 212 1890 Non
228 1847 281 1890 sua
295 1827 458 1890 fluxerunt.
502 1825 592 1889 Mens
606 1829 718 1890 tanturn
733 1829 854 1912 pristina
868 1827 984 1892 meruit.

186 1922 270 1997 Quid
285 1922 391 1986 saciat?
413 1937 565 2008 repetatne
581 1924 712 2000 domurn,
724 1925 832 2006 regalia
845 1925 945 1988 tecta?
1056 1925 1119 1990 130

141 2022 194 2084 An
208 2022 300 2083 lateat
313 2020 414 2082 silvis?
436 2023 522 2082 timor
536 2021 605 2096 hoc,
620 2020 716 2103 pudor
730 2021 852 2103 impedit
868 2019 949 2083 illud.

142 2118 228 2181 Dum
242 2118 366 2194 dubitat,
381 2118 481 2180 videre
495 2139 602 2180 canes:
625 2117 796 2200 primusque
810 2115 991 2200 Melampus,

142 2214 379 2299 Ichnobatesque
395 2235 485 2296 sagax
499 2214 604 2276 latratu
619 2214 702 2296 signa
715 2213 836 2276 dedere.

141 2312 219 2376 lndc
233 2327 320 2375 ruunt
334 2312 382 2374 aiii
396 2311 500 2396 tepidis
515 2311 644 2374 velocius
658 2311 740 2387 aurai,

141 2408 290 2492 Quosque
301 2408 410 2472 referre
424 2429 506 2471 mora
520 2422 576 2471 est.
621 2407 668 2470 Ea
682 2409 766 2471 turba
780 2408 920 2492 cupidine
935 2407 1040 2494 prede

139 2507 205 2570 Per
219 2528 318 2590 rupes,
333 2507 540 2590 scopulosque,
555 2506 696 2590 adituque
710 2506 840 2570 carentia
853 2527 936 2586 saxa,
1058 2507 1118 2570 teo

138 2603 219 2678 Qut
232 2605 280 2666 via
294 2604 430 2680 difficilis,
445 2604 562 2687 quiaque
577 2617 623 2666 est
637 2603 684 2666 via
699 2604 789 2680 nulla,
804 2602 946 2666 seruntur.

95 2771 110 2785 Ὗ
127 2701 197 2764 'Ille
213 2701 297 2784 sugit,
311 2723 365 2784 per
379 2723 443 2784 quae
458 2700 552 2764 suem
567 2701 632 2764 loca
645 2721 724 2784 sepe
739 2715 868 2768 secutus.

138 2798 215 2862 Heu
230 2799 355 2862 famulos
369 2798 443 2880 sugit
458 2787 521 2881 ipse
536 2799 626 2861 suos!
648 2799 776 2860 clamare
792 2796 911 2872 libebat,

138 2905 148 2934 ‘
162 2897 289 2959 Actaeon
303 2919 361 2978 ego
374 2917 458 2958 sum:
481 2896 633 2958 dominum
647 2893 816 2976 cognoscite
831 2891 983 2956 vestrum?
1058 2893 1119 2958 140

138 2993 245 3056 Verba
260 2995 359 3057 animo
373 2994 497 3056 desunt:
521 3008 638 3056 resonat
652 2992 803 3054 latratibus
818 2993 918 3054 aether.

136 3091 244 3156 Prima
259 3091 474 3154 Melanchaetes
489 3091 518 3152 in
533 3103 617 3172 tergo
632 3091 754 3152 vulnera
767 3089 856 3152 fecit:

135 3190 285 3252 Proxima
298 3188 514 3265 Theridamas;
536 3187 745 3270 Oresitrophos
761 3188 842 3250 hesit
858 3187 887 3249 in
902 3207 998 3250 armoe

87 3283 114 3368 'J
135 3287 269 3350 Tardius
285 3287 429 3363 exierant,
443 3286 496 3348 sed
512 3307 566 3369 pcr
577 3285 754 3368 compendia
768 3285 875 3346 montis

135 3386 315 3467 Antioipata
327 3384 374 3444 via
388 3398 443 3446 est.
488 3383 652 3445 Dominum
668 3382 859 3444 retinentibus
873 3381 929 3443 illis
1060 3381 1121 3443 145

135 3480 259 3544 Cretera
273 3482 359 3544 turba
373 3482 444 3557 coit,
458 3479 630 3565 confertque
645 3481 674 3543 in
688 3501 812 3563 corpore
833 3479 948 3540 dentes.

133 3577 208 3642 Janr
224 3579 290 3642 loca
307 3579 476 3642 vulneribus
490 3578 608 3640 desunt.
652 3578 757 3640 Gemit
770 3577 831 3650 ille,
846 3593 1021 3655 sonumque,
