2572 4242
192 421 235 485 66
505 423 856 476 neranonruoscon

190 577 314 643 Arduus
329 577 358 640 in
373 577 468 640 nubes
482 577 563 640 abiit.
608 574 653 638 Ut
666 575 697 637 in
712 594 827 657 aequore
842 595 959 636 summo

190 675 306 740 Umbra
320 674 374 737 viri
389 675 452 736 visa
465 688 522 750 est,
537 674 630 736 visam
645 672 705 734 sera
720 672 802 734 saevit
816 672 845 733 in
861 673 995 734 umbram

190 771 294 856 thue
308 772 392 834 Jovis
408 793 532 854 praepes,
548 792 643 832 vacuo
657 769 726 832 ciun
743 769 815 831 vidit
830 769 859 831 in
874 791 944 832 arvo
1113 773 1174 834 350

190 868 377 934 Praebentem
393 868 512 931 Phoebo
526 868 646 931 liventia
661 881 743 947 terga
758 867 927 943 draconem,

190 965 332 1050 Occupat
347 988 501 1030 aversum:
524 988 583 1028 neu
599 987 675 1027 saeva
690 978 859 1047 retorqueat
873 985 935 1041 ora,

191 1063 393 1148 squamigeris
408 1065 510 1127 aridos
525 1063 586 1146 figit
600 1063 764 1125 cervicibus
780 1083 911 1143 ungues:

191 1161 242 1224 Sic
256 1163 346 1224 celeri
361 1163 462 1225 fissum
477 1182 591 1244 praepes
607 1181 660 1243 per
675 1160 765 1238 inane,
777 1158 876 1255 volatu

190 1259 292 1340 Terga
306 1259 372 1322 serae
389 1260 511 1342 pressit:
535 1258 701 1341 dextroque
717 1256 867 1319 frementis
883 1257 912 1318 in
928 1278 1010 1321 armo
1111 1261 1174 1322 355

190 1355 348 1419 Inachides
364 1355 471 1418 serrum
485 1376 577 1418 curvo
592 1369 678 1418 tenus
694 1355 804 1418 abdidit
818 1355 919 1416 hamo.

191 1452 325 1516 Vulnere
340 1455 409 1516 laesa
423 1453 515 1534 gravi,
531 1453 621 1516 modo
636 1475 668 1516 se
683 1453 815 1515 sublimis
830 1452 859 1514 in
874 1473 959 1514 auras

189 1551 326 1613 Artotlir:
350 1551 440 1612 modo
455 1550 553 1612 subdit
568 1551 668 1634 aquis:
692 1550 782 1612 modh
797 1572 879 1612 more
895 1548 999 1612 ferocis

190 1647 299 1711 Versat
314 1649 387 1732 apri,
403 1669 492 1732 quem
508 1650 593 1710 turba
606 1669 714 1710 canum
729 1649 914 1710 circumsona
928 1661 1029 1710 terret.

189 1744 246 1807 Ille
261 1746 362 1808 avidos
378 1767 492 1810 morsus
509 1746 660 1808 velocibus
675 1746 778 1827 eflirgit
793 1746 866 1810 alis:
1108 1749 1174 1812 :36⁰

143 1857 177 1932 's
190 1841 323 1928 Quique
338 1858 451 1928 patent,
467 1866 546 1907 nunc
561 1859 644 1926 terga
657 1844 738 1906 cavis
753 1864 843 1925 super
857 1843 950 1906 obsita
964 1843 1100 1923 conchis,

189 1938 280 2004 Nunc
294 1941 420 2004 laterum
434 1957 541 2019 costas,
556 1964 635 2005 nunc
651 1941 711 2026 qud
725 1941 896 2004 tenuissima
909 1941 1005 2003 cauda
1054 1993 1055 1996 ,

189 2036 309 2103 Desinit
323 2041 352 2103 in
369 2041 492 2124 piscem,
507 2039 614 2104 falcato
628 2041 763 2102 vulnerat
778 2060 860 2100 ense.

187 2135 297 2201 Bellua
313 2140 451 2222 poeniceo
465 2141 567 2202 mistos
581 2161 651 2202 cum
666 2137 808 2219 sanguine
823 2137 930 2198 fluctus
973 2124 978 2132 ’

188 2233 251 2296 Ore
267 2236 369 2298 vomit.
414 2235 561 2298 Maducre
577 2257 681 2318 graves
696 2235 870 2318 adspergine
887 2255 1002 2318 penna.
1106 2236 1172 2302 365

188 2328 256 2392 Nec
270 2332 376 2394 bibulis
391 2333 467 2394 ultrei
481 2331 609 2394 Perseus
625 2333 762 2395 talaribus
779 2353 867 2394 ausus

187 2425 340 2503 Credere3
362 2430 518 2512 conspexit
532 2431 688 2514 scopulum
698 2452 720 2493 :s
730 2431 780 2514 qui
795 2431 905 2510 vertice
922 2451 1038 2494 summo

187 2523 339 2588 Stantibus
354 2527 417 2589 exit
432 2528 533 2611 aquis3
555 2529 685 2612 operitur
700 2530 737 2591 ab
753 2549 868 2613 aequore
883 2542 976 2592 moto.

186 2621 286 2686 Nixus
301 2645 348 2701 eo,
360 2625 499 2709 rupisque
515 2640 619 2689 tenens
630 2627 703 2713 juga
718 2627 813 2710 prima
826 2625 952 2703 sinistri,

117 2760 119 2764 -
185 2719 251 2784 Ter
265 2737 370 2806 quater
384 2724 485 2807 exegit
499 2726 625 2809 repetita
639 2724 757 2810 petilia
771 2723 890 2787 serrum.
1104 2727 1171 2790 370

227 2819 344 2886 Littora
358 2844 427 2886 cum
443 2824 547 2908 plausu
562 2823 674 2887 clamor
688 2843 867 2907 superasque
883 2822 1005 2884 deorum

184 2917 354 3002 Implevdre
369 2921 484 2985 domos,
503 2911 681 2999 'Gaudent,
696 2942 897 3005 generumque
912 2921 1050 2997 salutant,

183 3015 411 3100 Auxiliumque,
427 3019 532 3079 domhs
546 3033 787 3102 servatoremque
803 3018 930 3081 fatentur

184 3109 341 3196 Cassiope,
358 3113 563 3195 Cepheusque
579 3129 674 3196 pater.
720 3115 867 3179 Resoluta
881 3116 993 3180 catenis

183 3207 299 3272 Incedit
314 3211 408 3291 virgo,
424 3210 611 3294 pretiumque
628 3224 657 3273 et
672 3233 761 3274 causa
776 3212 892 3277 laboris
1102 3214 1170 3279 375

226 3306 284 3369 Dis
299 3307 390 3369 tribus
405 3308 454 3369 ille
470 3305 551 3369 socos
566 3307 690 3370 totidem
706 3307 742 3368 de
757 3311 871 3390 cespite
891 3313 975 3393 ponit
984 3334 993 3389 ;

181 3402 308 3468 Laevum
323 3403 484 3482 Mercurio
500 3405 639 3467 dextrum
653 3404 716 3482 tibi,
731 3404 838 3466 bellica
850 3406 950 3486 virg03

181 3503 246 3564 Ara
259 3501 344 3565 Jovis
358 3503 457 3566 media
472 3516 528 3566 est.
572 3500 723 3566 Mactatur
736 3523 828 3565 vacca
843 3500 1001 3580 Minerva,

184 3595 303 3680 Alipedi
319 3599 447 3666 vitulus:
469 3613 569 3663 taurus
582 3599 646 3677 tibi,
661 3620 776 3666 summe
792 3599 926 3664 deorum.
