2568 4248
176 415 237 476 160
573 414 764 466 annornm.

172 569 259 636 Pone
274 568 358 646 deos,
372 581 403 632 et
417 588 481 651 quae
496 565 645 648 tangendo
659 585 742 629 sacra
756 551 908 648 proseriae:

215 665 286 732 Non
300 666 377 728 bene
392 664 530 728 coelestes
544 663 635 746 impia
649 663 755 726 dextra
768 663 848 725 colit.

172 765 206 831 si
220 779 253 828 tu
266 764 362 828 cultor
376 784 441 826 eras
456 762 563 845 elapsis
577 761 644 844 igne
660 759 793 838 futurus3

214 861 349 926 Poenitet
363 860 480 944 elapsos
494 859 609 941 ignibus
624 879 689 920 esse
704 858 785 920 deos.

173 959 235 1024 Sed
246 957 332 1045 jubet
347 959 388 1022 ire
404 958 488 1022 deus.
533 955 654 1022 Vellem
669 956 811 1018 vetuisset
825 956 924 1033 adire3

216 1056 333 1121 Punica
346 1078 402 1120 nec
416 1055 541 1119 Teucris
556 1075 656 1138 pressa
670 1052 772 1117 suisset
787 1055 906 1116 humus.
957 1057 965 1064 ‘

173 1153 243 1219 Hoc
258 1155 334 1218 duee
352 1153 476 1241 (nempe
491 1151 576 1239 Deo)
594 1153 688 1216 ventis
703 1151 819 1234 agitaris
833 1151 948 1236 iniquis,

218 1252 259 1316 Et
273 1253 342 1316 teris
356 1253 385 1315 in
400 1251 502 1335 rapido
516 1264 649 1334 tempora
663 1251 751 1332 longa
765 1249 850 1313 sreto.

174 1343 321 1432 Pergama
334 1349 387 1412 rix
401 1363 483 1412 tanto
496 1347 548 1411 tibi
563 1361 646 1411 erant
660 1346 822 1431 repetenda
835 1348 945 1426 labore,

216 1445 349 1510 Hectore
364 1447 388 1509 si
404 1445 482 1524 vivo,
498 1460 607 1530 quanta
622 1443 715 1523 sudre,
731 1444 836 1509 forent.

173 1541 244 1608 Non
259 1545 386 1628 patrium
401 1543 554 1606 Sirnodnta
569 1543 663 1626 petis;
685 1543 739 1605 sed
752 1543 891 1606 Tibridas
905 1543 1010 1606 undas.

217 1639 348 1725 Nempe,
363 1652 396 1703 ut
412 1640 566 1724 pervenias
581 1639 641 1724 qud
654 1641 750 1724 cupis,
765 1641 874 1724 hospes
889 1641 957 1704 eris.

172 1738 277 1824 thue
291 1739 373 1816 latet,
389 1738 519 1822 vitatque
533 1750 599 1801 tuas
614 1738 746 1800 ahstmsa
760 1738 884 1816 carinas,

216 1836 279 1900 Vix
294 1837 346 1900 tibi
360 1836 512 1918 continget
525 1848 603 1899 terra
617 1836 709 1920 petita
723 1835 797 1899 seni.

173 1933 239 1999 Hos
255 1934 351 2020 potiris
367 1933 493 2018 populos
507 1934 537 1996 in
552 1933 663 2011 dotem,
678 1934 802 2016 ambage
816 1933 948 2012 remissa,

215 2032 350 2116 Accipe3
372 2045 403 2094 et
417 2031 556 2094 advectas
571 2031 773 2115 Pygmalionis
787 2053 870 2115 opes.

172 2127 245 2192 Ilion
261 2130 291 2192 in
305 2128 430 2213 Tyriam
444 2127 568 2194 transfer
582 2127 694 2192 felicius
708 2129 830 2192 urbem:

215 2225 373 2312 Haneque,
388 2227 487 2290 locum
501 2227 594 2310 regni,
608 2240 783 2311 sceptraque
798 2247 881 2290 sacra
894 2239 974 2290 tene.

173 2323 206 2388 Si
221 2324 272 2387 tihi
287 2346 372 2388 mens
387 2324 474 2388 avida
489 2337 535 2386 est
547 2323 629 2402 belli,
644 2325 668 2388 si
684 2325 786 2409 quaerit
800 2323 882 2387 lidus

214 2419 305 2484 Unde
319 2443 373 2484 suo
388 2436 488 2505 partus
502 2421 602 2486 Marte
617 2422 783 2506 triumphus
797 2434 864 2500 eat;

172 2515 275 2591 Quem
290 2534 421 2602 superet,
435 2540 474 2582 ne
490 2519 559 2602 quid
576 2519 662 2597 desit,
677 2521 870 2604 prebebimus
884 2522 1011 2594 hostem.

214 2613 275 2679 Hic
289 2616 369 2700 pacis
384 2617 476 2699 leges,
491 2617 540 2680 hio
554 2617 637 2680 locus
652 2639 733 2680 arma
746 2618 837 2702 capit.

170 2712 222 2777 Tu
237 2713 338 2792 modi),
353 2735 407 2799 per
422 2728 557 2794 matrem,
573 2713 759 2800 sratemaque
774 2717 843 2795 tela,
857 2717 988 2800 sagittas,

214 2811 334 2898 Perque
350 2811 424 2896 suge
439 2813 573 2891 comites,
588 2812 729 2876 Dardana
744 2835 836 2892 saura,
851 2815 941 2878 deos:

173 2910 240 2996 (Sic
254 2924 405 2995 superent,
421 2933 612 2997 quoscunque
627 2909 679 2975 tuh
693 2911 731 2974 de
746 2926 835 2994 gente
849 2925 992 2996 reportas,

213 3007 296 3070 Mars
311 3007 389 3071 serus
404 3023 435 3072 et
450 3009 563 3073 damnis
578 3009 614 3072 sit
630 3009 734 3072 modus
749 3009 798 3073 ille
813 3011 882 3089 tuis,
899 2996 902 3002 ¹

170 3104 377 3189 Ascaniusque
392 3126 460 3168 suos
476 3104 599 3169 feliciter
613 3106 735 3189 impleat
746 3129 849 3185 annos,

215 3201 257 3265 Et
270 3202 347 3264 senis
362 3203 503 3265 Anchisa
518 3203 645 3266 molliter
658 3226 725 3266 ossa
740 3203 865 3292 cubent)

170 3298 267 3363 Parce
283 3319 388 3383 precor
401 3300 512 3376 domui,
529 3322 593 3384 quae
608 3323 641 3364 se
656 3302 709 3364 tibi
723 3302 808 3366 tradit
824 3304 1001 3368 habendam.

214 3397 308 3472 Quod
321 3397 433 3461 crimen
448 3398 531 3476 dicis,
546 3413 651 3482 prater
669 3401 795 3478 amasse,
812 3403 935 3464 meum?

171 3497 240 3562 Non
256 3518 313 3580 ego
327 3517 392 3560 sum
407 3495 544 3574 Phthias,
559 3498 732 3583 magnisque
745 3499 868 3562 oriunda
882 3497 1042 3584 Mycenis·

213 3592 282 3659 Nec
296 3608 438 3660 stetemnt
453 3595 482 3660 in
497 3609 527 3660 te
542 3595 644 3681 virque
660 3609 802 3682 paterque
816 3619 911 3661 meus.
