2572 4242
200 421 246 488 ns
517 422 867 478 nmnmonruosnon
924 392 929 402 '

201 574 295 642 Venit
308 589 339 642 et
353 575 391 640 ad
406 575 552 661 Cyanen:
575 596 622 653 ea,
637 575 668 638 ni
681 589 795 639 mutata
808 574 920 654 luisset,

199 673 309 738 Omnia
323 673 479 751 narrasset,
493 673 547 736 sed
561 686 592 736 et
606 695 639 736 os
654 685 685 736 et
698 673 798 756 lingua
809 673 921 737 volenti

199 771 311 835 Dicere
325 793 384 834 non
400 771 536 834 aderam:
559 791 627 846 nec,
643 792 702 854 quo
716 770 898 854 loqueretur,
913 770 1054 836 habebat.

199 869 291 952 Signa
305 881 405 932 tamen
421 867 575 931 manifesta
589 868 687 930 dedit:
710 882 870 952 notamque
885 869 1010 952 parenti,
1024 881 1027 955 ζ
1116 871 1183 936 3⁰5

199 966 255 1031 llln
270 967 344 1030 sorte
359 967 426 1030 looo
440 967 602 1050 delapsam,
617 965 730 1048 gurgite
750 987 833 1028 sacro

199 1064 407 1149 Persephones
422 1086 527 1128 zonam
541 1063 662 1126 summis
676 1064 804 1126 ostendit
818 1063 848 1126 in
862 1063 979 1156 undisp

200 1160 303 1236 Quam
318 1163 405 1225 simul
420 1161 549 1243 agnovit,
564 1174 705 1244 tanquam
719 1174 782 1223 rum
798 1160 925 1246 denique
939 1174 1057 1245 raptam

200 1259 321 1337 Scisset,
337 1260 483 1322 inornatos
497 1258 618 1320 laniavit
633 1258 701 1321 diva
714 1258 853 1341 capillos:
950 1299 951 1302 =

200 1355 242 1419 Et
256 1357 381 1440 repetita
395 1355 454 1418 suis
469 1356 612 1439 percussit
627 1370 746 1439 pectora
761 1355 877 1439 palmis.
1116 1359 1181 1423 31⁰

200 1451 267 1515 Nec
281 1454 336 1515 scit
350 1453 447 1516 adhuc
461 1453 511 1515 ubi
525 1453 579 1517 sit:
602 1468 693 1520 terras
709 1467 807 1514 tamen
823 1453 954 1536 increpat
967 1474 1075 1518 omnes
1083 1475 1094 1533 ς

199 1547 389 1635 Ingratasque
406 1564 501 1628 vocat,
517 1571 574 1612 nec
589 1549 705 1632 frugum
720 1571 841 1612 munere
856 1550 968 1632 dignas.

199 1645 382 1710 Trinacriam
397 1661 465 1710 ante
481 1647 561 1724 alias,
576 1647 606 1709 in
621 1647 682 1731 qud
696 1647 818 1727 vestigia
832 1647 931 1710 damni

199 1742 336 1827 Reperit.
382 1743 463 1828 Ergo
478 1745 536 1831 illie
551 1744 631 1807 saevd
647 1745 790 1808 vertentia
803 1745 903 1826 glebas

198 1841 303 1927 Fregit
317 1857 411 1908 aratra
424 1864 535 1920 manu:
557 1843 698 1926 parilique
713 1843 784 1905 irata
798 1843 918 1906 colonos
1112 1846 1180 1912 315
1274 1889 1276 1900 .

198 1940 415 2026 Ruricolasque
425 1942 522 2004 boves
536 1941 596 2003 leto
611 1940 709 2016 dedit;
732 1960 859 2023 arvaque
874 1939 962 2025 jussit

198 2038 316 2104 Fallere
332 2041 510 2124 depositum,
526 2039 685 2122 vitiataque
699 2037 811 2100 semina
825 2037 906 2102 lecit.

198 2137 346 2202 Fertilitas
359 2154 453 2216 terra,
467 2139 559 2200 latum
576 2136 693 2217 vulgata
708 2155 762 2218 per
775 2135 888 2213 orbem,
975 2191 982 2195 .

198 2235 293 2299 Cassa
302 2236 400 2322 jacet:
424 2236 524 2320 primis
538 2248 655 2317 segetes
670 2233 832 2297 moriuntur
845 2235 875 2296 in
890 2234 1004 2298 herbis:

198 2331 240 2396 Et
254 2333 345 2394 modb
359 2335 401 2395 sol
418 2333 534 2408 nimius,
549 2332 655 2393 nimius
669 2331 759 2393 modb
773 2332 890 2414 corripit
905 2331 1008 2395 imber.
1110 2335 1193 2398 320'

197 2429 370 2512 Sideraque,
385 2429 526 2512 ventique
540 2443 666 2492 nocent:
690 2429 842 2512 avidaeque
858 2429 992 2492 volucres

197 2525 319 2588 Semina
328 2525 409 2611 jacta
422 2526 542 2608 legunt:
565 2527 683 2608 lolium„
693 2527 848 2610 tribulique
863 2527 985 2608 fatigant

196 2622 341 2686 Triticeas
355 2645 476 2700 messes,
491 2639 522 2688 et
536 2624 765 2708 inexpugnabile
784 2645 915 2706 gramen.

239 2721 322 2786 Tbm
335 2737 426 2808 caput
441 2721 524 2786 Eleis
538 2723 685 2807 Alpheias
700 2722 806 2785 extulit
820 2723 922 2785 undis:

79 2857 84 2866 =
195 2820 403 2908 Rorantesque
418 2843 518 2886 comas
533 2843 550 2884 a
565 2821 659 2884 fronte
674 2821 800 2884 removit
814 2821 851 2883 ad
866 2840 968 2885 aures,
1109 2823 1174 2888 325

195 2920 298 3004 Atque
313 2921 370 2985 ait:
394 2920 443 2982 ‘O
458 2933 520 2983 toto
536 2921 660 3004 quaesite
676 2919 793 3002 virginis
808 2919 889 2996 orbe,

195 3016 238 3078 Et
253 3017 367 3098 frugum
383 3017 519 3098 genitrix,
535 3018 694 3080 immensos
710 3019 779 3081 siste
794 3018 924 3082 labores:

195 3110 282 3174 Neve
298 3113 349 3174 tibi
364 3111 573 3174 fidaeviolenta
587 3113 711 3177 irascere
727 3112 825 3178 terrae.¹

194 3207 291 3271 Terra
305 3207 375 3270 nihil
391 3207 516 3271 meruit:
540 3209 694 3293 patuitque
709 3212 799 3275 invita
813 3214 931 3298 rapinae.

194 3303 225 3368 N
227 3326 263 3366 ec
277 3325 342 3367 sum
357 3326 411 3387 pro
426 3304 521 3387 patriai
535 3307 681 3388 supplex:
705 3308 764 3370 huc
779 3310 896 3393 hospita
911 3313 990 3375 veni.
1109 3315 1172 3380 330

194 3402 265 3466 Pisa
279 3401 350 3464 mihi
366 3401 459 3487 patria
473 3415 536 3478 est;
558 3416 589 3466 et
603 3403 640 3466 ab
655 3402 743 3466 Elide
760 3405 894 3469 ducimus
908 3423 1016 3474 ortum.

194 3500 342 3564 Sicaniam
357 3498 511 3584 peregrina
524 3501 611 3565 colo:
634 3501 686 3564 sed
701 3502 808 3585 gratior
822 3505 902 3566 omni

194 3593 269 3660 Hac
282 3597 354 3660 mihi
370 3609 447 3662 terra
460 3597 523 3661 solo
537 3611 594 3662 est.
639 3597 705 3663 Hos
719 3621 799 3664 nunc
813 3600 965 3664 Arethusa
978 3616 1116 3688 penates,
