2572 4242
57 339 72 370 ⁰
190 369 235 432 ut
503 371 852 428 uurauonsuossou

190 521 376 590 Senttoimss
390 543 487 588 artare
501 523 566 600 riis,
580 523 653 587 dun:
666 536 743 586 stus
758 521 907 600 nudabunt,
930 519 932 522 ⁴

194 622 390 706 Adspioerss3
412 622 520 686 flentes
536 622 618 697 alios,
633 636 776 705 terraque
787 620 941 706 jacentes:
958 663 959 672 a
1113 626 1174 687 tto

191 718 345 804 Lassaque
360 735 511 783 versantes
524 739 665 802 supremo
679 718 789 782 lumina
803 734 917 782 motus

233 813 319 892 Quid
333 817 406 880 mihi
418 831 491 880 tuno
504 817 593 880 animi
608 815 662 879 suit
671 817 683 878 i
693 835 754 890 nn,
769 815 850 901 quod
864 815 966 880 debuit
979 835 1060 894 wo,

191 912 237 980 Ut
252 914 343 978 vitam
357 915 494 990 odinum,
509 928 540 976 et
551 933 695 996 cuperem
711 933 777 998 pars
792 933 858 976 ossa
872 916 1030 980 meorum?

193 1009 268 1085 Qud
282 1031 315 1074 sa
329 1031 447 1096 cunque
461 1011 541 1074 aoios
554 1009 708 1074 oculorum
723 1010 848 1074 flexerat
856 1031 866 1087 ;
887 1009 946 1076 illio

193 1106 311 1191 Vulgus
325 1122 388 1172 orat
402 1122 541 1170 stratum:
565 1106 656 1169 veluti
670 1107 740 1170 oum
756 1106 853 1190 putria
867 1108 953 1171 motis
1111 1083 1187 1174 175²

192 1205 289 1268 Poma
302 1205 413 1268 cadunt
427 1205 524 1280 ramis,
538 1203 707 1287 agitatdque
720 1203 788 1266 ilios
802 1204 934 1286 glandes.

191 1301 322 1385 Templa
338 1302 418 1364 vides
432 1302 545 1376 oontr'a,
560 1300 698 1382 gradibus
710 1300 846 1362 sublimia
859 1301 970 1384 longis:

190 1398 309 1482 Jupiter
322 1399 373 1461 illa
386 1412 481 1461 tenet.
525 1397 604 1472 Quis
618 1417 678 1460 uon
693 1397 830 1460 altaribus
844 1398 899 1462 illis

190 1493 275 1560 Irrita
290 1496 376 1558 thura
390 1495 477 1558 tuiit?
499 1495 613 1579 quoties
629 1517 683 1578 pro
695 1493 822 1580 ooujuge
837 1495 958 1580 ooujux,

190 1590 252 1656 Pro
266 1607 355 1675 gnato
369 1592 493 1676 genitor,
507 1593 579 1654 dum
595 1593 686 1656 verba
699 1593 851 1676 precantia
864 1593 945 1670 dicit,
1107 1597 1170 1662 1³)

191 1687 221 1751 N
223 1711 261 1751 ou
276 1689 403 1752 exoratis
417 1689 546 1753 auitnaru
560 1689 654 1754 finivit
668 1689 697 1752 iu
708 1690 780 1754 aris:

189 1785 285 1870 Inque
300 1808 388 1851 mauu
402 1787 495 1850 thuris
510 1807 577 1870 pars
591 1787 798 1872 inoousumpta
810 1801 927 1872 reperta
941 1801 987 1852 est
997 1789 1049 1853 Ε’-

190 1884 314 1949 Admoti
330 1885 443 1971 quotios
457 1885 586 1970 templis,
602 1885 673 1948 dum
687 1900 757 1949 vota
772 1886 908 1950 sacerdos
927 1933 932 1939 .

190 1981 342 2066 Concipit,
357 1997 388 2046 et
402 1982 496 2066 sirudit
511 2003 618 2067 purum
632 1983 709 2045 inter
721 2004 832 2046 cornua
845 1951 983 2062 vinum)
1199 2044 1202 2048 .

190 2079 281 2145 Haud
296 2096 470 2166 exspootato
484 2081 656 2145 cocidsntut
670 2081 791 2144 vulnero
806 2081 897 2162 tauri!
911 2140 913 2144 ,
1058 2152 1062 2158 ,
1105 2085 1167 2149 tat

189 2178 205 2242 I
206 2203 259 2263 pse
274 2202 330 2264 ego
344 2202 426 2244 sacra
440 2179 511 2244 Jovi
525 2201 579 2264 pro
593 2199 652 2256 me,
668 2179 833 2264 patriiqusq
847 2179 996 2264 tribusque

120 2297 128 2311 ⁴
189 2276 271 2341 Com
286 2277 414 2344 facerem
427 2278 515 2354 natis,
529 2276 657 2360 mugitus
674 2277 792 2340 viotitna
806 2277 883 2340 diros

188 2373 308 2436 Edidit:
332 2389 361 2437 et
376 2374 474 2437 subito
487 2375 619 2458 collapsa
633 2375 696 2437 sino
711 2373 815 2437 ictibus
829 2373 896 2438 ullis

188 2469 310 2553 Exiguo
324 2471 410 2535 tinxit
424 2471 574 2556 subjectos
589 2473 731 2554 sauguine
744 2473 863 2536 oultros.

187 2565 278 2632 Fibra
292 2587 410 2654 quoque
426 2589 502 2652 aegra
516 2583 600 2632 notas
616 2571 687 2647 veri,
702 2570 888 2655 monitusque
903 2570 1026 2636 deorum
1104 2574 1168 2638 lm

186 2665 380 2732 Prodiderat:
404 2666 501 2731 tristes
515 2681 672 2752 penetrant
687 2668 723 2730 ad
740 2668 852 2731 viscera
865 2667 970 2734 morbi.

186 2764 269 2830 Anto
284 2787 381 2832 sacros
398 2766 455 2831 vidi
472 2766 604 2853 projecta
616 2766 761 2830 cadavera
776 2779 886 2850 postes,
904 2805 907 2812 »

186 2864 268 2929 Ante
283 2865 372 2950 ipsas,
388 2866 448 2953 qud
462 2888 540 2931 mors
555 2865 630 2930 soret
645 2864 822 2941 invidiosior,
837 2867 923 2927 aras.⁴
1034 2925 1052 2952 ,

185 2960 260 3026 Pars
275 2965 402 3028 animam
416 2963 523 3048 laqueo
536 2963 696 3039 claudunt3
717 2963 876 3046 mortisque
891 2961 1025 3026 omnem
1099 3029 1104 3037 ,

185 3055 285 3121 Morte
301 3058 419 3142 sugant:
442 3061 578 3142 ultroque
593 3073 701 3122 vocant
716 3061 864 3124 venientia
878 3057 947 3122 sata.
1103 3062 1166 3128 195

184 3152 322 3236 Corpora
335 3156 423 3217 missa
437 3156 503 3217 ueoi
517 3155 604 3218 nullis
619 3155 657 3216 de
672 3176 754 3219 more
769 3156 902 3222 seruntur
920 3197 926 3204 ·

138 3291 145 3297 ·
183 3249 369 3318 Funeribus:
392 3252 584 3335 nequeenim
598 3250 756 3333 capiebant
770 3253 873 3319 suuera
888 3268 988 3339 porto.

184 3349 248 3416 Aut
262 3348 413 3412 inhumata
428 3363 566 3432 premunt
580 3362 688 3410 terras:
712 3364 762 3412 aut
778 3351 884 3414 dantur
898 3353 927 3414 in
942 3352 1017 3416 altos

182 3447 318 3513 indotata
331 3466 428 3530 rogos.
473 3443 516 3508 Et
525 3444 589 3530 jam
604 3443 769 3507 reverentia
783 3447 864 3508 nulla
883 3463 945 3511 est:

182 3545 293 3628 Doque
307 3545 385 3628 rogis
399 3557 549 3628 pugnant:
573 3541 734 3625 alienisque
750 3541 865 3624 ignibus
879 3543 994 3609 ardent.
1097 3543 1164 3610 ἳω
