2586 4234
585 347 732 440 nisani.
1102 383 1133 448 ιι

169 536 322 622 lndejecta
335 536 431 613 ma105
453 536 572 601 culmen
586 551 686 600 tamen
702 536 786 601 altior
799 535 887 622 huju·

169 634 260 698 Unda
274 635 356 716 tegit,
371 656 538 720 presseque
553 634 651 698 labant
665 635 720 696 sub
734 635 848 720 gurgite
863 650 966 700 turres.
1077 639 1141 704 ΞΝ

210 731 339 818 Jamque
354 755 435 794 mare
451 747 482 796 et
496 733 581 796 tellus
596 733 709 796 nullum
724 733 878 796 discrimen
893 733 1051 798 habebant.

144 887 148 893 .
168 830 280 893 Omnia
294 845 401 914 pontus
416 846 509 893 erant.
553 830 687 894 Deerant
701 853 818 915 quoque
833 831 929 894 littora
943 845 1045 916 ponto.

169 927 308 1012 Occupat
322 930 370 991 hic
384 929 508 991 collem:
530 930 640 1012 cymbal
653 929 737 991 sedet
751 930 824 993 alter
837 930 963 1008 adunca,

169 1026 212 1090 Et
227 1027 307 1089 ducit
321 1048 417 1088 remos
432 1027 501 1104 illic,
515 1027 565 1088 ubi
580 1048 675 1110 nuper
689 1028 793 1090 ararat.

169 1123 224 1187 llle
238 1147 327 1208 supra
341 1139 467 1206 segetes,
482 1111 648 1188 aut'mersae
662 1125 791 1188 culmina
805 1125 879 1188 villae
1078 1129 1142 1192 295

170 1221 315 1304 Navigat:
340 1222 387 1283 hic
402 1222 518 1284 summai
532 1223 644 1305 piscem
659 1222 814 1304 deprendit
828 1223 856 1286 in
872 1223 976 1287 ulmo.-

169 1317 285 1401 Figitur
299 1320 327 1380 in
343 1319 426 1380 viridi
443 1319 481 1404 (si
497 1318 553 1382 sors
568 1319 648 1404 tulit)
665 1321 792 1382 anchora
807 1335 906 1404 prato:

168 1420 234 1480 Aut
248 1417 380 1502 subjecta
393 1432 490 1480 terunt
504 1439 600 1480 curvae
616 1419 713 1480 vineta
728 1419 856 1482 carinae..

169 1515 223 1592 Et,
238 1516 327 1577 mod'o
342 1516 401 1599 qui
415 1517 537 1598 graciles
551 1538 671 1598 gramen
686 1517 822 1600 carpsere
835 1517 967 1602 capelle,

170 1613 199 1676 N
202 1637 260 1676 unc
274 1614 314 1675 ibi
329 1613 475 1676 deformes
490 1629 603 1698 ponunt
616 1637 670 1678 sua
683 1636 806 1698 corpora
820 1616 935 1698 phocae.

169 1709 315 1774 Mirantur
329 1712 384 1773 sub
398 1712 475 1795 aqud
489 1713 581 1788 lucos,
596 1715 752 1796 urbesque,
767 1712 929 1798 domosque
966 1775 970 1784 ,

170 1808 336 1897 Nereides:
359 1812 505 1894 silvasque
519 1827 622 1874 tenent
636 1811 801 1896 delphines,
815 1827 846 1874 et
860 1811 925 1874 altis

171 1907 324 1974 Incursant
338 1910 434 1986 remis,
449 1910 616 1992 agitataque
630 1910 735 1972 robora
749 1911 875 1994 pulsant.

170 2005 232 2070 Nat
246 2007 332 2090 lupus
348 2007 422 2070 inter
435 2028 523 2070 oves:
547 2005 642 2068 sulvos
658 2007 738 2068 vehit
753 2006 832 2068 unda
846 2007 964 2068 leones:

169 2104 262 2168 Unda
274 2105 355 2166 vehit
370 2105 474 2186 tigres:
497 2125 553 2166 nec
569 2105 645 2176 vires
661 2102 788 2166 fulminis
807 2101 889 2186 epr'o,

170 2202 268 2267 Crura
281 2224 337 2265 nec
352 2204 448 2266 ablato
462 2218 583 2286 prosunt
598 2203 713 2264 velocia
726 2223 826 2264 cervo.

170 2299 369 2384 Quaesitisque
385 2301 434 2363 diu
450 2302 542 2377 terris,
559 2301 607 2363 ubi
623 2301 718 2362 sidere
733 2299 829 2376 detur,

168 2397 205 2463 ln
221 2420 300 2460 mare
315 2399 425 2460 lassatis
442 2399 566 2460 volucris
583 2420 657 2480 vaga
671 2399 779 2462 decidit
794 2398 856 2460 alis.

170 2495 317 2558 Obruerat
332 2497 457 2559 tumulos
473 2497 614 2560 immensa
629 2496 744 2558 licentia
761 2497 851 2578 ponti,

169 2592 391 2677 Pulsabuntque
407 2595 474 2656 novi
490 2611 629 2656 montana
642 2595 795 2656 cacumina
812 2594 926 2656 fluctus.

169 2690 307 2754 lllaxima
320 2715 387 2776 pars
403 2693 482 2754 undai
497 2677 621 2776 rapitur:
646 2693 749 2776 quibus
765 2692 843 2754 unda
857 2690 1002 2775 pepercit,

170 2787 241 2850 Illos
255 2789 341 2870 longe
355 2790 474 2852 domant
490 2791 568 2872 inopi
583 2789 696 2874 jejunia
712 2791 801 2850 victu.

213 2885 338 2968 Separat
354 2887 467 2949 Aenios
483 2889 591 2950 Actaeis
608 2888 716 2950 Phocis
731 2888 767 2948 ab
782 2885 869 2962 arviS,

170 2981 265 3046 Terra
281 2983 373 3060 ferax,
388 2985 457 3046 dum
472 2999 548 3047 terra
564 2985 634 3060 suit3
657 2985 709 3046 sed
725 3000 857 3066 tempore
873 2984 900 3046 in
917 2984 967 3048 illo

169 3080 245 3144 Pars
259 3084 356 3158 maris,
371 3098 401 3144 et
417 3084 490 3146 latus
504 3085 663 3146 subitarum
678 3103 800 3166 campus
814 3103 966 3166 aquarum.

168 3179 261 3243 Mons
275 3181 313 3242 ibi
331 3182 484 3244 verticibus
499 3183 573 3264 petit
588 3183 693 3244 arduus
710 3198 785 3244 astra
800 3181 924 3256 duobus,

168 3277 301 3342 Nomine
317 3277 489 3355 Parnassus
504 3294 680 3362 superatque
695 3279 849 3342 cacumine
864 3278 967 3340 nubes.

169 3374 232 3438 Hc
249 3375 297 3437 ubi
315 3375 480 3437 Deucalion
499 3375 581 3460 (nam
596 3394 701 3438 cetera
715 3392 831 3438 texerat
846 3376 958 3462 aequor)

166 3473 196 3536 C
200 3496 251 3536 um
266 3488 400 3536 consorte
416 3475 469 3535 tori
488 3475 577 3556 parva
593 3491 652 3536 rate
671 3492 771 3537 vectus
786 3475 925 3552 adhesit3

165 3572 337 3654 Corycidas
352 3574 510 3654 nymphas,
525 3587 555 3634 et
569 3574 686 3636 numina
702 3573 808 3636 montis
823 3573 953 3636 adorant.
