2572 4242
179 426 222 488 40
491 427 837 480 muranonrrsosnorr

179 578 246 642 Etsi
261 600 320 642 non
335 579 470 656 hominis,
486 599 575 663 quem
590 591 762 667 nontamen
778 575 867 638 edere
882 576 975 658 possit

180 676 307 753 Cervus,
322 676 427 740 habet:
451 676 623 759 moestisque
637 675 732 758 replet
741 672 814 756 juga
828 686 899 736 nota
914 673 1059 756 querelis:

179 772 222 836 Et
236 774 359 856 genibus
374 774 502 857 supplex
517 772 625 856 pronis,
639 771 799 852 similisque
814 771 937 851 roganti,
1096 772 1159 833 150

180 870 360 934 Circumfert
374 872 487 948 tacitos,
502 884 642 952 tanquam
656 888 708 930 sua
727 867 856 943 brachia,
872 867 981 928 vultus.

179 970 223 1030 A:
236 968 360 1030 comites
374 968 508 1050 rapidum
522 965 613 1030 solitis
627 964 789 1026 hortatibus
803 983 911 1045 agmen

179 1063 275 1146 Ignari
290 1065 438 1146 instigant,
451 1064 602 1146 oculisque
617 1061 760 1124 Acteona
776 1073 925 1144 quaerunt;

180 1162 221 1226 Et
239 1163 318 1225 velut
333 1163 484 1226 absentem
498 1161 632 1223 certatim
648 1159 791 1221 Actaeoua
803 1158 943 1220 clamant.

179 1260 231 1322 Ad
245 1281 354 1321 nomen
368 1271 458 1341 caput
473 1258 521 1341 ille
537 1256 640 1318 refert:
664 1269 697 1317 ut
711 1255 814 1316 abesse
833 1266 1004 1337 queruntur,
1095 1255 1157 1317 155

178 1355 209 1418 N
211 1377 246 1418 ec
260 1377 369 1438 capere
384 1355 487 1417 oblatae
501 1373 624 1434 segnem
638 1352 808 1435 spectacula
822 1351 938 1434 praedae.

85 1506 87 1510 .
180 1450 281 1513 Vellet
293 1453 398 1514 abesse
414 1449 552 1534 quidem3
574 1449 626 1511 sed
642 1449 741 1512 adest:
765 1449 913 1531 velletque
928 1447 1039 1525 videro,
1147 1439 1154 1446 ’

178 1547 249 1610 Non
265 1549 353 1611 etiam
368 1548 486 1624 sentire,
501 1567 609 1609 canum
624 1545 685 1609 sera
700 1544 776 1608 sacta
790 1566 919 1606 suorum.

179 1641 320 1728 Undique
334 1644 538 1707 circumstant:
561 1643 723 1726 mersisque
738 1642 767 1704 in
782 1662 905 1725 corpore
919 1643 1017 1706 rostris

178 1737 351 1804 Dilacerant
365 1740 428 1803 salsi
443 1740 595 1804 dominum
609 1739 663 1802 sub
679 1740 804 1821 imagine
818 1739 910 1802 cervi.
1093 1740 1156 1805 too

395 1991 510 2033 NAUTE
532 1991 567 2032 :rt
589 1990 776 2033 nnnrfflrtos
799 1989 933 2032 norant.

606 2173 636 2214 v.
652 2155 725 2214 577.

177 2319 316 2402 Adspicit
330 2322 410 2383 hunc
423 2320 516 2382 oculis
530 2319 696 2396 Pentheus,
712 2341 785 2404 quos
801 2342 843 2383 rra
858 2321 1024 2386 tremendos

177 2414 324 2478 Fecerat:
347 2430 387 2493 et,
403 2438 572 2500 quanquam
587 2438 682 2499 poenae
697 2417 748 2479 vix
762 2431 896 2502 tempora
910 2419 1016 2498 differt,

178 2520 187 2550 ‘
196 2512 226 2574 Ο
241 2514 380 2595 periture,
396 2513 505 2596 tuaque
521 2514 583 2575 aliis
598 2514 775 2576 documenta
794 2516 897 2578 dature

177 2607 299 2686 Morte‚'
316 2609 366 2686 ait,
381 2610 456 2672 ‘ede
471 2624 555 2673 tuum
571 2633 691 2689 nomen,
705 2635 873 2697 nomenque
888 2611 1054 2696 parentiam,

178 2706 219 2767 Et
234 2707 376 2790 patriam
398 2708 544 2792 morisque
560 2710 628 2773 novi
642 2731 695 2772 cur
709 2731 791 2772 sacra
812 2709 1002 2793 frequentes?
1092 2711 1153 2774 165

177 2803 231 2866 Ille
246 2819 327 2868 metu
344 2825 465 2883 vacuus,
480 2805 618 2870 ‘Nomen
632 2807 725 2884 mihi‚'
741 2808 825 2883 dixit,
841 2807 1002 2884 ‘Acoetes;

176 2901 287 2978 Patria,
302 2901 432 2965 Maeonia
446 2918 506 2967 est:
530 2906 635 2968 humili
650 2906 688 2968 de
703 2905 790 2988 plebe
806 2917 952 2988 parentes.

176 2997 246 3060 Non
263 2999 344 3075 mihi,
361 3022 425 3083 quae
441 3002 504 3062 duri
519 3001 662 3077 colerent,
678 3016 773 3084 pater,
788 3023 857 3064 arva
867 3001 999 3086 juvenci,

176 3093 378 3176 Lanigerosve
393 3117 507 3177 greges,
523 3116 581 3156 non
596 3097 657 3158 ulla
671 3111 804 3160 armenta
817 3098 945 3181 reliquit.

176 3189 298 3274 Pauper
312 3206 342 3253 et
356 3193 419 3274 ipse
435 3190 504 3253 suit:
528 3190 647 3274 linoque
662 3193 776 3255 solebat
789 3209 820 3256 et
830 3196 919 3258 hamo
1093 3200 1153 3262 lro

177 3285 339 3371 Decipere,
355 3302 385 3350 et
399 3288 513 3350 calamo
527 3288 664 3349 salientes
679 3289 787 3349 ducere
803 3291 907 3371 pisces.

176 3384 236 3446 Ars
250 3385 290 3446 illi
305 3406 359 3446 sua
372 3404 478 3445 census
493 3398 565 3446 erat.
611 3383 692 3446 Cum
706 3385 834 3446 traderet
848 3399 960 3463 artem:

177 3489 197 3518 “
207 3482 334 3565 Accipe,
351 3500 422 3563 quas
438 3481 544 3557 habeo,
559 3481 645 3544 studii
661 3501 813 3543 successor
827 3494 857 3544 et
871 3481 995 3559 haeres,'’

177 3577 275 3654 Dixit,
291 3585 310 3614 “
320 3577 432 3660 opes:’'
456 3579 641 3664 moriensque
657 3579 728 3643 mihi
743 3579 814 3642 nihil
830 3579 879 3642 ille
893 3578 1021 3663 reliqmt,
