2568 4248
502 417 609 468 trualt
627 419 702 475 Xlll,

107 566 299 653 Exspectata
313 569 374 646 diu,
389 567 480 646 nulla,
495 584 547 632 aut
559 570 703 634 contraria
715 570 812 646 classi,

106 664 251 730 Flamina
263 679 350 730 sunt:
373 665 511 749 duraque
522 665 629 751 jubent
643 668 871 749 Agamemnona
883 680 978 732 sortes

106 761 295 827 Immeritam
308 776 506 826 serenatam
521 778 649 826 mactare
665 764 782 828 Diana.
1028 767 1089 832 185

107 860 254 943 Denegat
267 861 325 924 hoc
339 861 462 943 genitor,
478 861 611 944 divisque
626 861 758 924 irascitur
771 861 859 944 ipsis:

107 959 216 1043 Atque
229 960 260 1022 in
273 979 344 1042 rege
359 972 459 1021 tamen
475 971 560 1042 pater
574 972 630 1022 est.
675 957 743 1040 Ego
756 959 828 1022 mite
843 960 973 1042 parentis

107 1053 268 1139 Ingenium
282 1056 379 1119 verbis
394 1055 431 1118 ad
446 1055 565 1138 publiea
578 1057 735 1118 commoda
751 1057 835 1119 verti.

108 1153 203 1218 Nune
217 1154 356 1238 equidem
369 1151 473 1229 fateor,
487 1151 624 1236 fassoqoe
638 1153 771 1236 ignoscat
784 1155 924 1233 Atrides3

110 1252 272 1316 Difficilem
288 1251 370 1314 tenui
384 1251 439 1314 sub
453 1251 554 1334 iniquo
563 1251 664 1336 judice
678 1273 808 1316 causam.
1028 1257 1090 1321 190

109 1347 204 1413 Hune
219 1362 318 1412 tamen
334 1348 442 1412 utilitas
457 1349 570 1432 populi,
586 1347 752 1434 fratrisque,
761 1340 888 1435 ‘datique

110 1447 238 1510 Summa
249 1460 352 1509 movet
365 1447 485 1529 sceptri,
499 1446 620 1509 laudern
635 1461 668 1510 ut
681 1469 749 1510 eum
764 1449 906 1530 sanguine
921 1462 1037 1534 penset.

110 1545 219 1608 Mittor
231 1559 262 1608 et
276 1545 313 1606 ad
326 1557 471 1608 matrem:
495 1567 559 1628 qrra
574 1567 633 1608 non
648 1544 801 1622 hertanda,
815 1545 868 1608 sed
883 1559 947 1610 astu

110 1642 301 1726 Decipienda
314 1641 379 1706 fuit.
423 1639 498 1715 Quo
511 1642 536 1704 si
550 1641 743 1705 Telamonius
758 1643 839 1720 isset,

110 1739 196 1802 Orba
210 1740 269 1802 suis
283 1753 381 1802 essent
396 1739 558 1802 etiamnum
573 1740 663 1803 lintea
678 1740 785 1803 ventis.
1028 1743 1089 1806 19⁶

153 1836 261 1900 Mittor
274 1851 305 1900 et
319 1836 424 1900 Iliacas
438 1837 537 1898 audax
551 1852 648 1900 orator
662 1837 698 1900 ad
714 1856 814 1900 eroes:

111 1932 246 2018 Visaque
261 1949 292 1998 et
305 1935 409 1997 intrata
424 1949 469 1996 est
484 1934 548 1997 altae
562 1935 635 1998 mihi
649 1935 729 1998 curia
744 1934 855 2020 Trojae.

110 2031 268 2116 Plenaque
282 2031 381 2095 adhuc
395 2045 457 2094 erat
471 2032 520 2094 illa
536 2032 615 2094 viris.
654 2031 811 2094 ¹interritus
826 2033 884 2114 egi,

111 2128 217 2203 Quam
231 2130 303 2191 mihi
317 2129 471 2192 mandrirat
484 2129 651 2192 communis
666 2129 791 2206 Gracia,
806 2149 943 2192 causam:

110 2227 293 2311 Aecusoque
308 2225 409 2303 Parin,
425 2225 622 2311 predamque,
638 2225 847 2310 Helenamque
861 2246 1002 2311 reposoo:

111 2323 155 2386 Et
169 2345 278 2386 moveo
291 2323 454 2400 Priamum,
469 2323 647 2408 Priamoque
663 2325 817 2388 Antenora
826 2325 973 2410 junctum.
1025 2326 1085 2388 201

110 2422 158 2486 At
172 2421 268 2498 Paris,
283 2435 314 2484 et
328 2421 440 2498 fratres,
455 2435 486 2483 et
501 2422 551 2505 qui
564 2425 688 2507 rapuere
703 2424 757 2486 sub
771 2424 832 2506 illo,

111 2517 177 2581 Vix
192 2519 314 2581 tenuere
328 2540 434 2582 manus
451 2518 522 2604 (scis
537 2520 606 2597 hoc,
622 2519 780 2607 Menelai)
796 2520 953 2588 nefandas:

110 2615 272 2700 Primaque
287 2617 340 2678 lux
354 2617 445 2678 nostri
458 2631 557 2679 tecum
572 2617 626 2680 snit
641 2618 690 2680 illa
704 2619 817 2701 pericli.

156 2712 262 2794 longa
276 2712 383 2775 referre
398 2735 480 2776 mora
495 2727 550 2791 est,
566 2735 631 2798 qua
644 2715 826 2798 consilioque
841 2733 990 2797 manuque
1026 2715 1090 2777 205

112 2809 234 2873 Utiliter
247 2809 305 2872 secl
318 2810 437 2893 spatiosi
452 2825 586 2894 tempore
603 2811 682 2873 belli.

111 2908 187 2971 Post
202 2908 281 2971 acies
296 2908 415 2990 primas,
429 2909 509 2970 urbis
523 2929 554 2970 se
569 2908 716 2971 moenitrua
736 2907 835 2969 hostes

112 3005 299 3069 continuere
314 3005 383 3082 diu;
405 3027 463 3068 nec
477 3007 570 3089 aperti
585 3006 672 3088 eopia
686 3003 791 3066 Martis

111 3102 185 3166 Ulla
200 3100 271 3166 fuit:
295 3103 412 3165 decimo
426 3103 546 3165 demum
562 3103 756 3186 pugnavimus
772 3123 860 3165 anno.

112 3199 199 3272 Quid
214 3199 287 3262 sacis
302 3201 424 3276 interea,
440 3201 490 3283 qui
504 3201 545 3262 nil
561 3201 615 3262 nisi
630 3200 734 3283 proelia
748 3200 845 3263 ndstii
1027 3199 1091 3261 210

6 3345 7 3348 ,
112 3297 192 3371 Quis
207 3311 276 3361 tuus
291 3319 361 3359 usus
376 3300 458 3360 erat?
503 3296 583 3360 Nam
600 3298 622 3360 si
638 3319 707 3360 mea
720 3298 797 3361 saeta
810 3296 942 3381 requiris,

113 3393 258 3458 Hostibus
273 3395 408 3456 insidior:
432 3394 523 3456 fossas
537 3395 698 3457 munimine
713 3395 817 3476 cingo:

5 3491 7 3540 i
112 3491 263 3556 Consolor
276 3493 382 3569 socios,
397 3506 430 3554 ut
445 3493 524 3572 longi
538 3491 624 3554 tedia
638 3491 708 3554 belli

377 3595 413 3650 ll
