2568 4248
496 395 669 446 umerum
696 395 754 448 vn.

136 545 221 620 Quid
236 565 311 629 puer
324 533 485 623 Ascanius,
499 545 568 631 quid
583 545 615 608 di
629 547 765 610 munnere
780 548 925 631 penetus?

177 643 299 726 Ignibus
313 657 432 728 ereptos
446 645 550 707 obruet
563 644 643 706 unde
658 644 741 708 deos.
829 679 834 690 ·

135 741 199 806 sed
213 763 318 826 neque·
327 740 384 805 fers
398 755 515 804 tecum:
537 761 605 818 nec,
621 762 686 825 que
699 741 771 804 mihi
774 741 921 826 „pertide
932 740 1038 828 jacter,

180 837 357 903 Presserunt
372 839 510 902 humeros
524 859 606 902 sacru
620 853 762 923 paterque
779 854 855 904 tuus.

137 935 248 1000 Omnia
261 936 410 1000 mentiris:
433 957 490 999 nec
504 937 584 1000 eninr
599 950 650 999 tue
664 936 765 1000 fallere
779 938 880 1021 lingue
1070 937 1114 1002 15

180 1033 288 1118 Incipit
302 1055 320 1096 a
334 1035 436 1111 nobis3
459 1034 610 1118 primaque
626 1034 740 1118 plector
754 1057 822 1118 ego.

137 1131 171 1196 Si
185 1154 307 1217 queres,
321 1132 372 1194 ubi
385 1133 423 1196 sit
433 1131 552 1196 sonnusi
566 1146 661 1195 meter
675 1131 747 1196 liiii:

179 1229 309 1306 Occidit,
326 1252 343 1293 a
358 1230 432 1292 duro
444 1230 507 1294 solu
520 1230 623 1292 relicte
638 1230 710 1293 viro.

140 1326 205 1390 Nec
219 1328 292 1391 mihi
306 1349 390 1392 mens
404 1327 493 1391 dubia
507 1341 563 1405 est,
578 1329 648 1412 quin
663 1341 692 1390 te
708 1342 759 1392 tua
773 1328 893 1391 numina
907 1328 1060 1393 dement.
1081 1313 1089 1328 ’

179 1425 241 1488 Per
255 1447 347 1504 mare,
362 1448 416 1510 per
429 1441 520 1490 terres
533 1426 660 1509 septime
670 1425 763 1511 jactet
778 1427 884 1490 hiems.
1069 1427 1113 1492 ἃ)

137 1522 219 1589 Diva
235 1545 352 1608 parens,
366 1524 522 1607 seniorque
537 1539 630 1607 peter,
645 1524 694 1607 pia
707 1524 819 1588 saneim
832 1525 904 1605 neti,
957 1605 961 1616 Ι

180 1622 275 1705 Spem
290 1622 361 1684 mihi
376 1621 504 1684 mensuri
518 1622 572 1685 ritd
588 1622 697 1684 dedi-re
713 1621 776 1685 viri.

135 1719 171 1784 Si
187 1717 241 1782 suit
255 1719 421 1796 errandum,
435 1741 539 1782 censes
554 1719 644 1782 habet
659 1739 739 1782 error
752 1720 911 1784 honestus:

180 1816 271 1879 Adde
285 1816 392 1893 fidem3
414 1817 496 1880 nulli
510 1831 593 1900 parte
607 1816 753 1900 pigendus
767 1817 833 1880 erit.

137 1914 237 1977 Durat
251 1915 280 1978 in
295 1927 473 1992 extremum,
490 1915 615 1998 viteque
629 1913 787 1978 novissima
801 1927 906 1980 nom
1069 1913 1113 1980 ὅ

180 2011 374 2096 Persequitur
388 2010 450 2089 sati,
465 2012 515 2096 qui
530 2012 584 2075 fuit
597 2012 678 2090 unte,
692 2026 787 2075 tenor.

137 2109 257 2172 Occidit
271 2110 399 2173 internas
413 2109 525 2194 conjux
539 2123 684 2172 mactatus
699 2109 735 2172 ed
750 2129 832 2174 erest

181 2205 223 2270 Et
237 2207 356 2270 sceleris
371 2207 443 2271 tanti
458 2207 576 2290 premis
590 2205 679 2270 freter
692 2207 792 2270 habet.

138 2305 234 2369 Exsul
250 2327 338 2390 agor;
359 2305 532 2390 cineresque
548 2306 610 2384 viri,
626 2305 809 2391 patriumque
823 2305 976 2392 relinque:

180 2403 223 2468 Et
238 2404 314 2467 feror
326 2405 355 2468 in
372 2405 469 2481 duras,
484 2405 569 2468 hoste
583 2419 738 2488 sequente,
753 2405 826 2469 vius.
1071 2405 1115 2472 ω

137 2501 284 2586 Applicor
297 2503 420 2584 ignotis:
443 2501 581 2586 fratrique
597 2503 697 2586 elapsa
711 2501 857 2587 fretoque,

180 2598 275 2673 Quod
289 2599 341 2662 tibi
356 2600 472 2678 donavi,
487 2599 609 2683 perfide,
624 2601 704 2664 littus
719 2621 798 2666 emo.

135 2695 253 2760 Urbem
266 2698 422 2774 constitui3
443 2698 561 2782 lateque
576 2698 708 2780 petentia
722 2698 773 2762 fixi

65 2848 72 2870 ,
93 2854 99 2864 ,
180 2793 308 2872 Moenia,
322 2795 449 2858 finitimis
465 2795 606 2861 invidiose
621 2795 704 2858 locis.

137 2892 226 2956 Belle
239 2906 374 2956 tument:
396 2893 481 2956 bellis
496 2893 650 2977 peregrine
663 2907 694 2956 et
707 2890 830 2955 immine
843 2903 957 2956 tenter:
1072 2891 1116 2958 ὥ
1222 2883 1236 2966 J

181 2989 305 3074 Vixque
320 2981 408 3052 rudes
422 2991 624 3074 portas'urbis,
639 3004 670 3055 et
683 3011 774 3066 arma,
791 3009 873 3074 paro.

136 3087 224 3151 Mille
240 3089 336 3172 procis
351 3087 466 3172 placui:
491 3090 540 3173 qui
554 3111 603 3152 me
617 3090 728 3166 coiere,
743 3101 911 3172 querentes,

179 3185 293 3249 ,Nescio
308 3207 397 3269 quem
412 3187 547 3250 thelemis
562 3187 753 3270 preposuisse
768 3186 840 3250 suis.

139 3282 224 3357 Quid
239 3284 354 3350 dubites
369 3283 499 3347 vinctam
514 3283 635 3348 Gaetulu
649 3284 764 3347 trudere
778 3283 892 3348 lirbe?

182 3381 364 3446 Praebuerim
378 3383 484 3446 sceleri
496 3381 616 3445 brachis
631 3395 729 3446 nostre
742 3395 803 3445 tuo.
1055 3382 1118 3446 100

139 3477 196 3542 Est
210 3481 301 3544 etiam
316 3478 421 3558 steten
443 3479 527 3564 cujus
543 3501 647 3542 manus
662 3480 752 3564 impia
769 3481 862 3564 puaeit

182 3576 332 3661 Respergi
347 3591 457 3656 niuno,
473 3599 573 3661 sparse
591 3599 695 3642 cruore
710 3577 774 3640 riri.
