2572 4242
165 411 209 474 at
481 416 831 468 unruuoarrrosnorv

167 566 237 632 Non
251 583 352 632 tamen
367 565 491 650 ignifero
506 567 662 652 quisquam
677 569 838 631 consistere
853 566 884 630 in
899 587 957 630 axe

168 663 221 729 Me
237 666 317 729 valet
332 680 475 750 excepto.
521 665 607 729 Vasti
623 687 742 750 quoque
757 680 854 728 rector
868 663 1007 750 Olympi,

166 762 231 838 Qui
247 763 309 827 fera
323 765 443 828 terribili
454 764 603 850 jaculatur
618 763 739 827 fulmina
754 763 872 840 dextra,
1110 765 1156 828 60

166 860 236 926 Non
251 877 320 946 agat
334 863 389 926 hos
403 885 523 926 currus:
547 877 578 925 et
593 863 664 946 quid
679 863 757 925 Jove
773 860 869 946 majus
884 862 1051 925 habemus?

165 961 272 1024 Ardua
287 961 380 1046 prima
395 963 443 1024 via
458 977 523 1024 est:
548 976 579 1024 et
594 960 655 1045 qua
670 961 721 1024 vix
736 963 824 1024 mane
842 976 979 1024 recentes

166 1058 326 1123 Enitantur
340 1061 426 1145 equi:
451 1061 550 1124 medio
565 1074 611 1122 est
626 1060 764 1122 altissima
780 1061 877 1136 coelo;

168 1156 258 1221 Unde
273 1179 354 1221 mare
369 1175 401 1221 et
415 1173 506 1221 terras
523 1158 576 1240 ipsi
593 1157 664 1220 mihi
679 1179 758 1240 saepe
775 1158 875 1220 videre

166 1255 219 1319 Fit
233 1257 331 1333 timor,
346 1271 377 1319 et
392 1256 502 1339 pavida
516 1255 643 1339 trepidat
659 1254 813 1318 formidine
829 1270 945 1340 pectus.
1109 1256 1153 1318 65

166 1352 282 1417 Ultima
297 1375 390 1438 prona
406 1355 453 1416 via
467 1368 530 1431 est;
553 1368 583 1416 et
599 1369 668 1436 eget
681 1355 883 1418 moderamine
898 1367 992 1417 certo.

165 1451 255 1515 Tunc
271 1453 371 1528 etiam,
389 1474 455 1536 quae
471 1473 519 1514 me
534 1451 675 1537 subjectis
691 1452 803 1535 excipit
818 1453 914 1529 undis,

167 1547 217 1613 Ne
233 1549 308 1612 ferar
322 1551 351 1613 in
367 1561 511 1633 preceps,
526 1549 645 1634 Tethys
660 1551 736 1613 solet
752 1552 815 1634 ipsa
831 1551 937 1613 vereri.

166 1648 269 1725 Adde,
284 1647 363 1730 qutid
380 1648 503 1711 adsidua
518 1649 630 1731 rapitur
645 1649 786 1730 vertigine
801 1649 912 1712 coelum
926 1671 935 1724 3

166 1745 330 1829 Sideraque
346 1746 404 1808 alta
420 1747 517 1822 trahit,
532 1747 682 1830 celerique
699 1747 848 1808 volumine
862 1760 991 1830 torquet.
1107 1748 1152 1807 70

166 1842 255 1907 Nitor
270 1845 297 1906 in
314 1845 488 1908 adversum:
513 1867 569 1907 nec
585 1866 645 1918 me,
661 1846 709 1928 qui
726 1862 841 1920 caetera,
859 1846 949 1908 vincit

167 1941 318 2026 Impetus:
343 1958 373 2005 et
389 1944 490 2026 rapido
504 1942 665 2006 contrarius
681 1944 793 2004 evehor
807 1943 880 2004 orbi.

166 2039 264 2124 Finge
280 2041 363 2104 datos
378 2063 490 2104 currus.
536 2041 619 2115 Quid
641 2043 733 2123 agas?
757 2040 904 2124 poterisne
919 2036 1019 2102 rotatis

167 2137 283 2203 Obvius
299 2141 340 2203 ire
357 2141 441 2224 polis,
457 2162 494 2202 ne
510 2156 539 2203 te
555 2141 630 2202 citus
646 2139 758 2201 auferat
773 2138 874 2213 axisi,

167 2235 304 2300 Forsitan
319 2253 349 2301 et
364 2239 446 2300 lucos
462 2239 491 2300 ill
503 2260 532 2313 c,
548 2240 704 2317 urbesque,
721 2236 884 2318 domosque
1106 2235 1150 2296 75

167 2333 330 2418 Concipias
344 2337 460 2397 animo:
481 2335 662 2415 delubraque
678 2332 748 2392 ditia
763 2331 848 2395 donis

168 2431 256 2494 Esse.
301 2431 363 2494 Per
377 2432 495 2494 insidias
510 2431 564 2493 iter
578 2444 633 2506 est,
649 2428 816 2513 formasque
836 2429 974 2492 ferarum.
1016 2471 1020 2480 -

166 2528 270 2614 thue
287 2530 363 2592 viam
379 2545 491 2603 teneas,
506 2526 647 2611 nulloque
662 2549 759 2590 errore
773 2528 915 2605 traharis;

168 2628 230 2691 Per
244 2643 343 2690 tamen
359 2626 474 2688 adversi
489 2625 627 2707 gradieris
642 2647 752 2689 cornua
766 2627 871 2702 Tauri,

167 2725 399 2809 Haemoniosque
414 2746 509 2801 arcus,
527 2724 707 2808 violentique
722 2747 773 2786 ora
790 2724 910 2800 Leonis,
944 2713 947 2719 ’
1106 2725 1150 2788 80

167 2825 311 2908 Saevaque
326 2824 449 2886 circuitu
464 2838 637 2884 curvantem
653 2824 772 2885 brachia
787 2822 876 2902 longo

167 2922 322 3006 Scorpion,
338 2939 426 3005 atque
442 2921 526 2982 aliter
539 2937 711 2982 curvantem
729 2920 845 2982 brachia
863 2917 1025 2981 Cancrum.

168 3018 236 3083 Nec
252 3020 303 3082 tibi
319 3018 525 3103 quadrupedes
540 3019 687 3080 animosos
701 3018 815 3099 ignibus
831 3018 896 3094 illis,

169 3117 257 3191 Quos
271 3117 301 3179 in
318 3130 438 3199 pectore
454 3114 574 3191 habent,
590 3136 664 3198 quos
679 3137 729 3176 ore
745 3129 776 3176 et
790 3115 906 3176 naribus
921 3115 1034 3190 efflant,

169 3215 203 3278 ln
219 3228 357 3298 promptu
374 3233 476 3294 regere
492 3228 547 3275 est.
594 3211 656 3274 Vix
671 3233 720 3273 me
737 3214 895 3294 patiuntur,
909 3227 943 3276 ut
957 3234 1039 3276 acres
1106 3214 1150 3278 85

167 3312 322 3376 lncaluae
337 3311 444 3386 animi3
468 3310 631 3392 cervixque
645 3325 791 3391 repugnat
806 3309 940 3372 habenis.

167 3412 212 3475 Αῑ
226 3426 269 3488 tu,
285 3409 391 3472 funesti
407 3430 445 3470 ne
459 3410 513 3470 sim
529 3407 580 3469 tibi
596 3406 724 3468 muneris
739 3420 851 3481 auctor,

168 3509 260 3588 Nate,
274 3528 367 3572 cave:
391 3507 462 3568 dum
476 3525 582 3588 resque
597 3505 675 3581 sinit,
690 3517 740 3566 tua
755 3504 867 3586 corrige
884 3516 962 3567 vota.

169 3608 299 3683 Scilicet,
314 3619 348 3669 ut
361 3619 460 3668 nostro
475 3603 607 3687 genitum
622 3618 653 3665 te
667 3601 809 3684 sanguine
824 3602 938 3678 credas,
