2572 4242
175 469 197 522 ὅ
492 461 838 516 METAMORPHOSEON

175 619 325 684 Struxerit
339 615 468 694 insidias}
484 632 571 680 notus
587 617 711 699 feritate,
728 614 853 696 Lycaon
863 615 885 676 ?'

218 716 435 797 Confremuere
452 737 571 778 omnes:
595 715 756 798 studiisque
772 713 941 775 ardentibus
956 735 1061 776 ausum
1133 715 1138 724 ’

174 807 262 884 Talia
277 815 452 897 deposcunt.
498 814 558 890 Sic,
574 815 643 876 cum
658 833 762 874 manus
778 812 868 894 impia
883 813 964 874 saevit
1095 815 1162 876 200

174 913 325 996 Sanguine
341 912 481 976 Caesareo
497 913 667 974 Romanum
683 913 858 992 extinguere
874 932 995 988 nomen,

175 1011 343 1075 Attonitum
359 1026 446 1074 tantae
462 1013 558 1074 subito
574 1026 683 1073 terrore
698 1010 788 1072 mina

174 1109 348 1174 Humanum
365 1131 458 1196 genus
474 1126 536 1187 est3
559 1124 696 1193 totusque
714 1109 877 1192 perhorruit
896 1107 984 1170 urbia.
1003 1147 1009 1162 ·

174 1207 241 1272 Nec
257 1211 307 1271 tibi
324 1225 406 1290 grata
419 1209 514 1269 minus
531 1209 634 1291 pietas,
651 1209 799 1288 Anguste,
815 1221 942 1284 tuorum,

174 1307 277 1381 Qu'am
294 1307 347 1368 suit
363 1308 412 1368 illa
427 1305 507 1368 Jovi.
553 1305 616 1379 Qui
634 1322 790 1389 postquam
808 1326 881 1368 voce
899 1326 1049 1390 manuque
1093 1309 1159 1368 205

173 1403 329 1468 Murmura
344 1404 537 1486 compressit3
561 1417 684 1466 tenuere
700 1404 814 1466 silentia
829 1403 940 1466 cuncti.

174 1503 311 1566 Substitit
326 1519 358 1565 ut
373 1504 494 1579 clamor,
511 1525 628 1586 pressus
643 1504 785 1584 gravitate
802 1503 929 1584 regentis
938 1525 947 1579 ;

173 1599 291 1683 Jupiter
307 1603 363 1663 hoc
379 1601 483 1663 iterum
499 1623 634 1664 sermone
649 1603 762 1664 silentia
779 1603 904 1684 rumpit:

174 1699 247 1760 ‘llie
264 1699 383 1782 quidem
400 1720 504 1781 poenas
523 1699 638 1783 (curam
654 1700 731 1762 hanc
747 1698 900 1784 dimittite)
918 1693 1026 1776 solvit}

174 1795 267 1870 Quod
283 1813 383 1859 tamen
400 1799 569 1874 admissum,
586 1821 650 1881 quae
665 1799 702 1861 sit
718 1799 856 1876 vindicta,
872 1799 996 1861 docebo.
1092 1799 1157 1862 210

173 1893 348 1978 Contigerat
364 1910 474 1958 nostras
491 1895 609 1958 infamia
623 1898 764 1980 temporis
780 1918 882 1960 autes:

174 1992 276 2068 Quam
292 1996 416 2078 cupiens
432 1993 545 2071 salsam,
560 2017 676 2058 summo
692 1995 812 2058 delabor
827 1996 972 2080 Olymp0,

173 2091 215 2156 Et
232 2094 305 2157 deus
321 2094 452 2156 humana
466 2095 558 2156 lustro
573 2095 631 2156 sub'
643 2094 770 2176 imagine
788 2108 888 2156 terras.

172 2190 280 2274 Longa
294 2213 376 2254 mora
392 2209 447 2268 est,
464 2208 606 2275 quantum
622 2213 708 2253 noxae
723 2193 759 2254 sit
775 2194 885 2274 ubique
900 2205 1076 2276 repertum,-

173 2285 375 2350 Enumerare:
399 2290 495 2349 minor
510 2289 561 2348 suit
579 2289 641 2369 ipsa
661 2288 779 2351 infamia
794 2311 875 2351 vero.
1090 2291 1155 2354 215

173 2383 302 2446 Maenala
318 2385 500 2459 transieram,
516 2384 634 2446 latebris
650 2385 796 2448 horrenda
810 2386 948 2466 serarum,

173 2479 298 2544 Etcum
316 2481 446 2564 Cylleno
464 2482 550 2563 gelidi
568 2483 668 2564 pineta
687 2482 802 2564 Lycei..

172 2580 308 2644 Arcados
324 2581 392 2640 hino
408 2580 494 2640 sedes
509 2594 540 2641 et
555 2581 703 2662 inhospita
719 2596 797 2643 tecta
813 2595 929 2665 tyranni

172 2677 334 2760 Ingredior,
346 2678 495 2739 traherent
511 2679 580 2740 edm
596 2699 660 2740 sera
675 2681 851 2762 crepuscula
866 2696 1008 2745 noctem·

173 2775 264 2859 Signa
279 2777 346 2839 dedi
360 2777 474 2839 venisse
491 2777 603 2854 deum;
627 2777 790 2862 vulgusque
806 2779 919 2862 precari
1091 2781 1156 2844 220

173 2873 329 2958 Coepetat.
374 2875 478 2939 Irridet
496 2875 591 2960 primb
607 2877 656 2960 pia
673 2893 740 2938 vota
760 2875 895 2960 Lycaon.

172 2969 250 3036 Mox
266 2974 316 3050 ait,
332 2980 351 3009 “
364 2972 522 3055 Experiar,
539 2975 613 3035 deus
629 2975 688 3051 hio,
706 2975 873 3037 discrimine
890 2987 1004 3058 apert0,

171 3071 222 3134 An
239 3071 276 3133 sit
291 3071 438 3132 mortalis:
462 3091 518 3132 nec
534 3071 588 3132 erit
604 3071 765 3133 dubitabile
782 3072 918 3135 ve1·um.'’

138 3154 142 3178 ⁴
172 3167 272 3231 Nocte
288 3189 408 3250 gravem
421 3189 524 3230 somno
539 3188 596 3230 neo
611 3168 702 3251 opina
718 3169 951 3250 perdere-morte

172 3264 227 3329 Me
244 3281 337 3350 parat.
383 3264 457 3328 Haec
474 3265 513 3328 illi
531 3265 629 3348 placet
646 3266 831 3348 experientia
848 3269 932 3330 veri..
1091 3271 1155 3333 225

173 3363 241 3427 Nec
256 3380 413 3427 contentus
429 3384 476 3438 e0‚
492 3364 572 3425 missi
589 3363 626 3425 de
642 3379 731 3445 gente
747 3362 882 3427 Molossa

173 3462 293 3526 Obsidis
309 3463 396 3525 unius
407 3461 544 3547 jugulum
560 3481 701 3523 mucrone
717 3461 853 3525 resolvit:

173 3561 275 3647 Atque
291 3562 331 3624 ita
346 3561 511 3623 semineces
527 3560 633 3643 partim
648 3558 828 3622 serventibus
844 3573 923 3622 artus

173 3658 273 3722 Mollit
288 3661 382 3743 aquiS,
398 3657 503 3743 partim
519 3658 654 3743 subjecto
670 3657 771 3722 torruit
786 3658 857 3741 igni.
