2568 4248
508 425 616 478 LIBER
634 427 666 478 Χ,

92 561 203 632 Exitum
217 571 352 654 ιωρίοἰο
365 573 497 654 pruritur:
520 595 589 640 nam
603 595 707 662 nupta,
722 581 896 664 perbereos

21 718 24 725 ,
92 662 177 728 Dum
192 688 272 732 nova
287 666 437 734 Naiadum
454 671 540 734 turbd
552 676 692 742 comitata
711 695 843 762 vagatur,
922 755 926 764 ¹

92 761 227 842 Decidit,
242 766 272 828 in
287 767 380 830 talum
394 771 540 852 serpentis
555 770 645 836 dente
658 791 791 859 recepto.
1035 787 1075 851 to

91 859 198 934 Quam
212 864 282 928 satis
296 864 335 928 sd
348 887 470 950 superas
485 885 642 954 postquam
658 871 857 958 Rhodopeius
871 897 956 944 auras

93 955 229 1024 Deflevit
243 977 345 1041 vates3
368 985 405 1027 ne
420 987 480 1028 nou
496 980 620 1032 tentaret
635 982 666 1032 et
682 971 810 1050 umbras,

90 1057 143 1118 Ad
159 1058 254 1142 Styga
269 1059 408 1126 Taenaria
421 1077 466 1126 est
482 1084 571 1128 ausus
586 1066 767 1130 descendere
783 1071 879 1151 pond.

90 1153 212 1240 Perque
226 1159 309 1222 leves
324 1160 462 1243 populos,
477 1162 691 1247 simulacraque
706 1163 806 1229 functa
819 1169 973 1251 sepulcris,

90 1252 307 1337 Persephonen
322 1258 403 1335 adiit,
417 1258 626 1343 inamoeoeque
640 1281 731 1342 regna
747 1276 901 1344 tenentem
1030 1271 1070 1336 ld

89 1349 271 1416 Umbrarum
285 1354 455 1418 dominum:
480 1356 629 1440 putrisque
646 1357 682 1420 ad
697 1361 828 1425 carmina
842 1365 941 1428 nervia

89 1449 140 1512 Sic
154 1451 214 1530 ait;
238 1451 286 1516 ‘O
300 1453 389 1536 positi
402 1454 458 1516 sub
472 1453 550 1516 terrai
563 1455 684 1518 numina
698 1459 810 1536 mundi,

88 1546 122 1610 Iu
138 1571 229 1633 quem
243 1551 400 1614 recidimus
415 1551 557 1636 quidquid
572 1554 694 1616 mortale
708 1576 861 1634 creamur;

87 1647 119 1709 Si
133 1649 214 1725 licet,
230 1662 271 1726 et,
285 1649 348 1712 salsi
364 1650 465 1733 positis
479 1650 650 1732 ambagibus
664 1653 732 1730 oris,

89 1744 170 1808 Vera
184 1747 265 1831 loqui
279 1747 388 1824 sinitis;
411 1769 470 1811 non
482 1747 552 1824 huc,
568 1763 599 1811 ut
613 1770 709 1832 opaca
724 1752 855 1815 viderem
1022 1758 1067 1822 ὓ

85 1843 223 1921 Tartara,
238 1846 397 1922 descendi;
419 1867 476 1909 nec
491 1846 534 1909 uti
550 1846 652 1910 villosa
666 1849 793 1912 colubris

85 1940 188 2005 Tema
202 1942 348 2006 Mcdusaei
362 1945 502 2008 vincirem
517 1959 636 2026 guttura
650 1947 782 2008 monstri.

86 2039 188 2103 Causa
204 2041 255 2102 viae
269 2040 398 2125 conjux:
422 2042 451 2104 in
467 2062 556 2125 quam
570 2042 685 2104 calcata
702 2063 850 2106 venenum

87 2136 201 2221 Vipera
216 2139 348 2215 diffudit;
370 2153 597 2222 crescentesque
612 2139 731 2200 abstulit
746 2161 849 2202 annos.

85 2235 180 2298 Posse
195 2237 257 2318 pati
272 2237 369 2300 volui:
392 2258 449 2300 nec
464 2257 513 2299 me
528 2239 658 2299 tentasse
674 2238 818 2320 negabo..¹
1020 2239 1064 2304 52!

86 2332 168 2398 Vicit
182 2336 288 2397 Amor.
333 2334 450 2418 Superis
463 2335 537 2397 deus
552 2334 600 2398 hic
615 2335 691 2396 bene
708 2350 793 2396 notus
809 2336 837 2398 in
852 2335 904 2398 orsi
920 2349 989 2399 est..

83 2433 134 2494 Au
150 2434 188 2495 sit
203 2448 232 2495 et
248 2435 308 2510 hic,
324 2434 443 2495 dubito:
466 2432 519 2496 sed
535 2447 564 2496 et
579 2433 628 2496 hic
644 2448 743 2494 tamen
759 2455 884 2515 auguror
898 2455 975 2498 esse.

83 2529 239 2614 Famaque
253 2532 277 2593 si
293 2546 424 2594 veterem
440 2551 498 2592 non
515 2547 560 2593 est
574 2532 697 2594 mentita
712 2532 855 2614 rapinam,
876 2551 884 2579 t

84 2627 148 2691 Vos
160 2650 279 2712 quoque
290 2628 391 2714 junxit
402 2629 507 2690 Amor.
552 2629 612 2690 Per
623 2649 679 2709 ego
691 2629 753 2690 huc
765 2630 831 2692 loca
841 2621 930 2712 piena
939 2629 1061 2708 timor‘ss,

82 2725 142 2788 Per
157 2726 261 2789 Chaos
276 2728 334 2788 hoc
349 2726 462 2807 ingens,
478 2727 610 2810 vastique
625 2726 740 2788 silentia
754 2727 846 2806 regni,
1018 2729 1064 2790 3⁰

82 2823 261 2907 Eurydices,
276 2845 338 2901 ore,
354 2839 511 2907 properata
525 2823 651 2885 retexite
666 2823 725 2884 fila.

82 2921 192 2984 Omnia
207 2922 352 2984 debemur
367 2923 467 2997 vobis;
490 2921 670 3004 paulumque
690 2919 803 2994 morati,

82 3021 182 3083 Serids
197 3034 248 3082 aut
262 3020 347 3083 citiris
362 3021 464 3082 sedem
480 3039 671 3102 properamus
686 3017 722 3078 ad
739 3037 839 3078 unam.

81 3117 246 3180 Tendimus
262 3119 321 3180 huc
336 3139 451 3192 omnes,
467 3117 529 3178 hac
545 3131 589 3178 est
605 3115 709 3178 domus
725 3115 844 3176 ultima:
870 3135 981 3198 vosque

81 3215 213 3278 Humani
228 3216 345 3298 generis
360 3215 526 3296 longissima
542 3235 634 3294 regna
649 3211 766 3275 tenetis.
1016 3213 1060 3276 35

55 3349 58 3355 ·
80 3313 159 3377 Haec
175 3335 307 3397 quoque,
321 3313 389 3375 ciam
401 3313 496 3396 justos
510 3328 624 3374 matura
640 3310 787 3394 peregerit
801 3329 903 3386 annos,

10 3463 13 3478 .
79 3411 157 3476 Juris
172 3413 228 3475 erit
246 3412 343 3474 vestri.
389 3411 450 3473 Pro
465 3431 587 3472 munere
602 3410 750 3492 poscimus
765 3429 862 3470 usum.

56 3519 58 3522 ’
80 3511 171 3586 Qudd
186 3512 210 3574 si
226 3510 288 3574 fata
302 3500 411 3591 negarit
428 3510 544 3572 veniam
559 3529 613 3591 pro
626 3506 764 3590 conjuge,
779 3518 893 3568 certum
907 3517 953 3566 est

81 3609 166 3674 Nolle
181 3608 279 3672 redire
295 3609 378 3670 mihi.
424 3608 504 3670 Leto
518 3605 645 3688 gaudete
660 3602 807 3665 duorum’

271 3755 273 3762 .
340 3709 360 3766 9
