2568 4248
142 427 206 492 182
543 431 696 484 rursum.

138 583 299 648 Successor
312 582 365 647 fuit
378 583 427 648 hic
441 583 504 660 tibi,
520 581 627 660 Galle3
648 580 820 666 Propertius
834 581 886 646 illi.

181 680 315 756 Quartus
330 682 367 744 ab
381 681 427 744 his
441 681 516 744 serie
531 679 672 764 temporis
687 680 751 764 ipse
765 679 818 744 fui.

141 777 241 863 thue
257 801 314 862 ego
328 776 465 864 majores,
480 777 523 842 sie
537 799 586 840 me
600 778 720 842 coluere
735 777 879 841 minores:
1079 779 1123 844 ⁵5

49 881 58 900 '
180 875 320 961 Notaque
335 898 395 939 non
409 875 493 938 tarde
508 873 586 938 sacta
600 874 711 938 Thalia
725 895 794 938 mea
807 887 863 938 est.

138 971 282 1040 Carmina
296 976 366 1036 edm
382 973 510 1057 primiun
524 971 636 1055 populo
647 971 791 1056 juvenilia
804 972 881 1056 legi3

180 1070 281 1134 Barba
295 1085 409 1134 resecta
423 1070 495 1134 mibi
510 1069 593 1132 bisve
607 1069 740 1132 semelve
757 1068 822 1133 suit.

138 1166 278 1232 Moverat
292 1169 452 1251 ingenium,
467 1180 559 1230 totam
574 1179 692 1230 canmta
707 1186 761 1251 per
774 1165 900 1246 Urbem,
922 1191 925 1196 ·

180 1264 310 1329 Nomine
325 1287 383 1328 non
400 1287 470 1329 vero
485 1265 564 1328 dicta
577 1263 709 1328 Corinna
730 1264 814 1328 mihi.
1075 1267 1122 1330 60

138 1361 235 1426 Multa
250 1363 371 1448 quidem
385 1363 505 1447 scripsi:
528 1362 582 1426 sed
597 1383 660 1446 quae
677 1361 782 1426 vitiosa
796 1362 907 1447 putavi,

158 1541 164 1549 ι
181 1459 390 1522 Emendaturis
404 1461 519 1542 ignibus
534 1461 597 1544 ipse
613 1459 694 1523 dedi.

137 1555 218 1620 Turn
234 1580 364 1642 quoque,
378 1559 449 1622 sirm
464 1556 608 1640 sugerem,
624 1557 758 1642 quedam
773 1557 916 1642 placitura
928 1559 1072 1637 cremavi,

180 1654 274 1718 Iratus
288 1656 385 1719 studio
400 1654 635 1740 carminibusque
657 1655 742 1718 mab.

137 1752 243 1832 Molle,
258 1753 435 1838 Cupidineis
449 1774 506 1817 nec
520 1753 749 1837 inexpugnabile
763 1753 828 1816 telis
1074 1752 1119 1818 65

179 1851 243 1916 Cor
255 1852 338 1930 mihi,
354 1851 492 1936 quodque
507 1851 580 1914 levis
594 1870 685 1913 causa
698 1863 843 1928 moveret,
858 1864 930 1915 erat.

137 1947 219 2014 Cinn
233 1963 333 2012 tamen
349 1951 406 2013 huc
422 1955 531 2026 essem,
546 1948 728 2032 minimoque
743 1947 922 2012 accenderer
936 1948 1015 2032 igui5

130 2070 132 2076 ¹
178 2045 308 2110 Nomine
323 2048 378 2110 sub
392 2061 492 2111 nostm
505 2045 604 2110 sabula
617 2045 698 2112 nulla
712 2043 777 2110 suit.

135 2142 222 2208 Perre
238 2146 311 2209 mihi
327 2167 420 2230 puero
434 2167 492 2210 nec
506 2146 605 2228 digna,
619 2165 676 2207 nec
690 2145 779 2222 utilis,
794 2166 871 2208 uxor

178 2241 235 2306 Est
249 2243 334 2306 data:
359 2266 422 2328 quae
439 2258 557 2328 tempus
572 2243 715 2327 perbreve
731 2256 825 2327 nupta
838 2242 902 2307 suit.
1074 2249 1119 2310 'to

134 2337 181 2404 Illi
197 2342 349 2419 suecessit,
366 2342 499 2426 quamvis
514 2341 577 2406 sine
591 2341 725 2419 erimine,
737 2340 868 2427 conjux;

177 2436 248 2500 Non
262 2451 363 2500 tamen
377 2440 407 2502 in
422 2452 522 2501 nostro
536 2439 619 2516 firma
632 2438 731 2503 sutura
744 2452 819 2503 toro.

133 2533 258 2613 Ultima,
274 2557 338 2620 quae
353 2558 472 2600 meeum
487 2557 567 2600 seros
581 2537 741 2621 permansit
755 2537 785 2601 in
799 2559 902 2616 annos,

177 2631 321 2694 Sustinuit
335 2631 446 2717 conjux
461 2632 572 2696 exsulis
587 2652 653 2714 esse
669 2632 733 2696 viri.

133 2727 210 2793 Filia
225 2751 275 2793 me
289 2751 358 2794 mea
370 2730 415 2794 bis
430 2729 526 2815 primia
539 2728 679 2794 soecrrnda
688 2729 827 2815 juventi,
1073 2736 1120 2798 75

176 2827 238 2891 Sed
253 2850 313 2892 non
328 2850 369 2892 ex
383 2851 444 2892 uno
457 2827 596 2914 conjuge,
612 2827 681 2892 lecit
696 2849 796 2892 avum.

133 2923 177 2989 Et
185 2925 249 3011 jam
263 2927 429 3012 complerat
443 2928 558 3010 genitor
571 2947 625 2990 sua
639 2926 717 3004 sata;
738 2947 906 3012 novemque

175 3023 340 3087 Addiderat
355 3024 451 3087 lustris
467 3025 559 3088 altera
572 3025 664 3087 lustra
677 3046 797 3088 novem.

132 3119 203 3186 Non
218 3121 302 3184 aliter
316 3121 397 3199 flevi,
413 3123 503 3207 quarn
517 3143 567 3186 me
583 3121 706 3186 fleturus
723 3124 897 3208 ademptum

174 3209 229 3282 Ille
244 3219 309 3282 suit.
353 3218 445 3284 Matri
460 3219 594 3304 proxima
605 3219 686 3305 justa
701 3221 766 3286 tuli.
1071 3225 1120 3290 80

131 3316 251 3382 Felices
265 3317 364 3395 ambo,
379 3317 619 3402 tempestiveque
633 3319 753 3402 sepulti,

174 3417 256 3480 Ante
271 3416 349 3478 diem
365 3436 462 3499 poenae
477 3415 556 3500 qubd
572 3416 687 3499 peribre
701 3418 794 3482 mee!

130 3511 186 3578 Me
201 3535 319 3598 quoque
335 3511 464 3590 felicem,
479 3512 559 3597 qubd
573 3535 634 3588 npn
648 3513 817 3578 viventibus
832 3516 888 3580 illis

172 3607 247 3672 Sum
261 3610 368 3689 miser3
389 3623 421 3675 et
435 3609 473 3675 de
487 3631 538 3675 me
552 3609 633 3695 qubd
647 3610 770 3676 doluere
784 3612 876 3678 nibill
