2572 4242
168 439 215 504 Μ
488 442 836 493 METAMORPHOSEON

172 595 299 677 Surgere
314 594 397 676 signa
411 593 524 656 solent:
548 593 735 676 primumque
750 592 907 655 ostendere
921 595 1058 674 vultum

171 691 289 756 Caetera
305 691 465 774 paulatim:
488 691 664 774 placidoque
679 690 786 752 educta
801 689 903 754 tenore
1114 691 1160 758 90

171 788 252 852 Tota
267 803 387 873 patent;
410 789 529 872 imoque
545 788 638 872 pedes
653 787 681 849 in
699 788 829 870 margine
844 801 969 872 ponunt.

171 885 305 950 Territus
320 887 405 950 hoste
419 906 499 948 novo
514 885 649 948 Cadmus
664 905 772 966 capere
786 906 868 948 arma
883 887 1021 968 patabat:

173 983 241 1047 ‘Ne
255 983 352 1068 cape,'
369 985 407 1046 de
422 983 544 1068 populo,
561 1004 649 1065 quem
664 996 740 1044 terra
754 995 916 1061 creaverat,
931 1003 1006 1046 unus

172 1080 350 1160 Exclamat3
373 1089 448 1144 ‘neo
463 1096 493 1146 te
507 1081 641 1144 civilibus
656 1081 751 1143 insere
766 1079 873 1142 bellis?

170 1179 274 1262 Atque
289 1180 330 1242 ita
344 1179 497 1261 terrigenis
511 1179 604 1259 rigido
619 1179 656 1240 de
671 1177 806 1240 fratribus
820 1199 914 1242 uuum
1110 1177 1157 1244 95

171 1276 319 1340 Cominus
334 1297 404 1338 ense
419 1275 501 1338 ferit:
520 1275 622 1360 jaculo
636 1276 715 1338 cadit
730 1277 844 1338 eminus
861 1276 936 1360 ipse.

172 1372 232 1436 Hic
248 1395 377 1457 quoque,
393 1373 443 1456 qui
458 1373 519 1435 leto
533 1373 666 1450 dederat,
681 1395 740 1436 non
755 1374 871 1456 longius
887 1375 938 1436 illo

173 1469 268 1547 Vivit,
284 1484 314 1533 et
329 1471 470 1554 exspirat,
485 1471 575 1532 modo
591 1492 663 1555 quas
678 1485 845 1556 acceperat,
861 1493 973 1536 auras..

171 1567 385 1651 Exemploque
400 1569 462 1651 pari
477 1567 546 1630 lusit
560 1570 656 1632 omnis
670 1571 772 1632 turba:
795 1591 909 1653 suoque

171 1664 271 1728 Marte
285 1666 395 1728 cadunt
410 1667 497 1728 subiti
512 1687 566 1750 per
580 1680 683 1730 mutua
699 1667 820 1730 vulnera
835 1667 947 1730 fratres.
1092 1667 1155 1731 lob

171 1765 300 1849 Jamque
315 1767 413 1828 brevis
428 1767 554 1850 spatium
572 1768 637 1830 vitae
653 1769 753 1831 sortita
763 1768 905 1851 juventus

172 1863 373 1946 Sanguineam
387 1865 503 1948 trepido
518 1866 697 1949 plangebant
712 1881 833 1950 pectore
848 1880 985 1942 matrem,

172 1960 317 2046 Quinque
330 1963 551 2047 superstitibus:
575 1985 700 2047 quorum
716 1963 769 2027 suit
783 1985 859 2026 unus
875 1963 1004 2026 Echion.

170 2060 202 2123 ls
216 2082 270 2123 sua
280 2061 353 2146 jecit
368 2062 461 2139 humi,
475 2062 589 2124 monitu
605 2061 777 2139 Tritonidis,
791 2083 890 2138 arma3

171 2157 382 2244 Fratemaeque
397 2161 486 2222 fidem
501 2161 582 2244 pacis
598 2161 752 2244 petiitque,
765 2160 916 2243 deditque.
1092 2156 1155 2222 10⁵

171 2254 238 2318 Hos
253 2258 351 2340 operis
365 2259 489 2320 comites
503 2258 606 2320 habuit
620 2258 759 2320 Sidonius
774 2259 902 2341 liospes3

173 2351 254 2414 Ciun
269 2355 367 2436 posuit
377 2353 492 2438 jussam
507 2353 652 2417 Phoebeis
667 2354 792 2417 sortibus
807 2357 922 2419 urbem.

398 2595 531 2649 aornos
554 2608 589 2650 ru
612 2607 745 2650 onnvnu
767 2597 929 2653 uurxr'us.

602 2793 632 2834 v.
648 2773 719 2836 131.

170 2939 239 3002 Jam
255 2941 370 3002 stabant
384 2941 516 3006 Thebe:
540 2957 658 3026 poteras
668 2944 742 3028 jam,
758 2943 887 3021 Cadme,
902 2942 996 3007 videri

170 3035 287 3100 Exsilio
302 3037 391 3101 felix:
414 3040 506 3101 sooen'
523 3040 731 3126 tibi‘Marsque
748 3039 912 3126 Venusque

172 3133 384 3218 Contigerant:
408 3136 466 3198 huo
482 3136 558 3198 adde
574 3157 667 3218 genus
683 3139 720 3200 de
735 3139 861 3223 conjuge
877 3137 970 3217 tamt,
1093 3134 1156 3204 1-1'0

170 3231 233 3295 Tot
247 3246 342 3310 natos,
358 3245 511 3316 natasque,
527 3245 567 3309 et,
583 3233 704 3316 pignora
719 3257 797 3312 cara,
812 3251 948 3320 nepotes.

171 3328 237 3392 Hos
253 3352 371 3414 quoque
382 3330 444 3414 jam
455 3329 593 3413 juvenes.
638 3330 710 3408 Sed,
725 3332 847 3410 scilieet,
863 3335 967 3397 ultima
981 3349 1100 3417 semper
1155 3327 1159 3331 ¹

171 3426 386 3511 Exspectanda
400 3427 463 3490 dies
478 3427 607 3490 homini:
631 3428 748 3512 dieique
762 3429 867 3492 beatus

171 3526 255 3588 Ante
270 3525 382 3588 obitum
396 3546 486 3588 nemo
500 3547 698 3611 supremaque
706 3516 816 3590 'funera
834 3526 943 3618 debet.»

215 3623 317 3686 Prima
330 3645 423 3707 nepos
440 3623 515 3686 inter
529 3637 573 3688 tot
587 3647 633 3688 res
648 3625 711 3704 tibi,
727 3623 856 3703 Cadme,
871 3624 1016 3689 secundas
1092 3629 1152 3690 115
