2568 4248
540 399 647 450 LlBBR
672 401 718 450 xl.
1063 399 1124 462 108

178 547 250 626 Ille,
265 569 389 632 perosus
403 569 487 634 opes,
502 550 591 613 silvas
605 563 636 614 et
650 571 717 614 rura
730 551 857 629 colebat,

131 643 286 732 Panaque
299 647 447 712 montanis
461 646 642 711 habitantem
656 669 775 732 semper
788 649 817 712 iu
833 650 932 714 anuis.

132 742 259 828 Pingue
273 745 327 808 sed
341 745 490 828 ingenium
506 747 628 808 mansit:
651 745 853 831 nocituraque,
868 760 901 812 ut
914 745 995 828 autb,
1077 749 1121 816 60

133 840 259 905 Rursus
273 856 356 907 erant
370 843 490 906 domino
503 843 620 906 stolidus
635 843 795 926 precordia
808 845 944 908 mentis..

135 937 233 1018 Nam,
249 939 324 1004 freta
339 925 531 1024 prospiciens,
546 940 605 1004 late
620 941 695 1024 riget
709 940 817 1004 ardum
831 942 892 1006 alto
908 984 932 1034 s

135 1037 269 1101 Tmolus
281 1039 312 1101 in
326 1039 481 1116 adscensu,
495 1037 632 1124 clivoque
646 1053 787 1102 extentus
800 1053 952 1126 utroque,

137 1134 283 1199 Sardibus
297 1136 377 1214 hinc,
391 1135 472 1200 illinc
486 1137 583 1218 parvis
596 1135 695 1200 finitur
709 1134 867 1220 Hypaepis.

137 1232 206 1294 Pan
223 1233 262 1296 ni
276 1233 347 1295 dum
362 1232 470 1296 tenetis
479 1233 573 1318 jactat
586 1253 641 1297 sua
653 1233 782 1298 carmina
797 1233 948 1320 nymphia,
1076 1237 1120 1302 66

136 1330 183 1394 Et
197 1332 266 1394 leve
281 1332 382 1394 ceratia
396 1331 563 1394 modulatur
576 1331 718 1396 nundine
732 1353 868 1410 cannen;

136 1428 242 1490 Ausus
257 1427 433 1511 Apollineos
447 1405 554 1511 preSe
567 1441 759 1492 contemnere
773 1441 888 1507 cantus,

136 1525 249 1588 Judice
263 1526 318 1588 sub
331 1524 442 1588 Tmolo
456 1539 606 1588 certamen
621 1526 702 1590 venit
716 1525 754 1590 ad
768 1526 873 1612 impar.
891 1569 933 1614 Ἃ

181 1621 289 1686 Monte
304 1643 358 1686 suo
372 1623 469 1686 senior
479 1622 576 1708 judex
587 1624 740 1701 consedit3
762 1638 793 1688 et
806 1644 893 1688 aures

137 1719 261 1783 Liberat
275 1720 436 1784 arboribus.
480 1718 606 1794 Quercu
622 1741 710 1784 coma
723 1721 830 1786 cemla
843 1723 960 1786 tantum
969 1761 1012 1778 ·
1074 1723 1118 1788 ‘to

137 1822 278 1904 Cingitur
286 1845 295 1900 ;
317 1836 348 1885 et
364 1822 495 1907 pendent
508 1821 619 1885 circum
633 1843 708 1886 cave
721 1838 857 1908 tempora
870 1823 1004 1908 glandes.

103 1949 127 1974 t
137 1921 227 2006 Isque
242 1922 332 1984 deum
347 1921 461 2006 pecoris
472 1935 619 2005 spectans,
643 1919 696 1984 ‘ln
707 1921 830 2007 judice,’
846 1921 933 2002 dixit,

137 2019 249 2082 ‘Nulla
262 2040 345 2082 mora
360 2019 427 2081 est’
472 2017 604 2082 Calamis
619 2019 780 2102 agrestibus
794 2019 909 2082 insonat
922 2019 989 2084 itte:

135 2116 357 2201 Barbaricoque
372 2115 476 2180 Midan
494 2115 610 2202 (aderat
624 2137 693 2178 nam
709 2115 783 2180 forte
798 2116 932 2204 canenti)

136 2213 279 2278 Carmine
295 2214 407 2278 delinit.
451 2213 524 2278 Post
534 2215 614 2278 hunc
627 2235 714 2278 sacer
728 2235 779 2278 ora
793 2215 910 2280 retorsit
1072 2217 1116 2284 'lb

135 2311 264 2376 Tmolus
278 2312 316 2375 ad
329 2334 363 2376 os
378 2311 505 2376 Phoebi:
529 2311 642 2375 vultum
657 2333 712 2376 sua
725 2312 798 2376 silva
812 2327 915 2378 secuta
929 2327 985 2380 eut

134 2410 191 2474 llle
205 2423 296 2494 caput
310 2409 421 2472 flavum
432 2409 514 2472 lauro
528 2408 704 2472 Parnasside
721 2411 836 2474 vinctus

135 2509 236 2572 Vern't
250 2509 374 2570 humum
389 2505 486 2590 Tyrio
500 2507 630 2570 saturati
643 2509 755 2572 murice
770 2509 866 2593 palla:

13 2643 16 2658 ι
133 2605 370 2688 instructamque
385 2604 473 2666 fidem
489 2607 614 2685 gemmis
629 2620 659 2668 et
675 2606 812 2668 dentibus
827 2606 908 2670 ludis

133 2705 269 2766 Sustinet
283 2723 301 2762 a
315 2701 406 2763 levit:
429 2701 524 2764 tenuit
538 2723 642 2764 manus
657 2701 748 2765 altera
762 2702 920 2786 plectrum.
1069 2703 1114 2770 ω

131 2799 262 2862 Artificis
276 2811 369 2861 status
384 2797 448 2882 ipse
464 2796 528 2861 suit.
571 2797 654 2861 Turn
668 2798 794 2862 stamina
809 2798 899 2862 docto

131 2896 248 2960 Pollice
263 2895 415 2959 sollicitat:
439 2915 563 2980 quorum
578 2894 736 2958 dulcedine
751 2909 856 2978 captus

130 2993 218 3057 Pana
227 2991 314 3079 jubet
327 2991 456 3056 Tmolus
469 2993 588 3056 cithare
602 2991 775 3056 submittere
788 3013 909 3056 omnus.

173 3091 193 3154 J
195 3091 326 3154 udicium
340 3091 492 3174 sanctique
507 3091 607 3174 placet
620 3090 766 3154 sententia
779 3091 887 3156 montis

129 3189 291 3253 Omnibus.
335 3187 480 3271 Arguitur
494 3201 606 3265 nmen,
620 3202 709 3274 atque
724 3187 832 3274 injusta
846 3203 969 3255 vocatur
1067 3192 1113 3260 ὅ

128 3287 226 3351 Unius
241 3306 379 3350 serrnone
393 3285 497 3349 lllidae.
542 3283 609 3349 Nee
624 3284 732 3350 Delius
747 3307 833 3350 aures

128 3384 303 3449 Humanam
317 3383 437 3447 stolidas
452 3383 562 3467 patitur
574 3383 701 3446 retinere
712 3384 852 3467 figuram;

127 3481 189 3546 Sed
205 3482 295 3547 trahit
309 3482 338 3546 in
352 3481 494 3565 spatium,
510 3479 643 3564 villisque
658 3481 824 3545 albentibus
839 3479 964 3564 immet,

71 3659 77 3674 ι
127 3579 345 3664 lnstabilesque
359 3579 420 3642 imo
434 3576 525 3654 saeit3
547 3591 578 3640 et
592 3577 643 3642 det
658 3598 745 3662 posse
760 3575 883 3640 moveri.
