2572 4242
516 425 685 476 arueram.
797 409 805 422 ‘

113 569 183 634 Heu
198 571 262 635 eolla
276 586 405 656 poterae,
420 575 529 657 poteris
543 595 599 638 neo
612 587 707 638 morte
722 573 834 642 revelli.
849 623 858 642 .

113 668 180 734 Hoe
196 684 296 732 tamen
312 672 464 734 amborum
480 673 575 734 verbis
586 687 681 736 estote
697 673 798 754 rogati,

112 765 143 827 Ο
157 767 283 828 multllm
297 768 406 845 miseri,
421 791 505 832 meus
524 770 666 853 illiusque,
684 787 830 852 parentes,

113 862 167 939 Ut,
182 885 256 947 quos
269 879 367 926 certus
382 887 474 942 amor,
490 887 562 949 quos
577 867 648 928 hora
663 867 819 930 notissima
829 867 940 952 junxit,
1044 871 1087 934 85

114 958 263 1043 Compoui
277 963 392 1025 tumulo
406 959 464 1024 tion
480 964 634 1026 invideatis
649 965 766 1026 eodem.

114 1057 213 1134 Atto,
229 1079 293 1141 quae
308 1060 396 1122 ramis
410 1061 495 1122 arbor
509 1061 673 1124 miserabile
688 1083 795 1144 corpus

113 1152 202 1217 Nune
218 1156 290 1236 tegis
306 1157 402 1234 unius,
417 1179 488 1220 mox
502 1179 535 1220 es
551 1172 664 1228 tectura
679 1159 821 1236 duorum3

113 1250 204 1332 Signa
218 1265 286 1314 tene
301 1254 405 1316 cedis:
429 1255 594 1338 pullosque,
609 1271 639 1318 et
653 1257 779 1318 luctibus
794 1269 879 1340 aptoe

113 1347 240 1432 Semper
254 1349 330 1412 habe
346 1350 445 1428 suetus,
460 1352 569 1434 gemini
585 1369 776 1418 monumenta
790 1354 923 1418 cruoris?
1044 1357 1096 1422 90.

115 1445 217 1508 Dixit:
239 1461 269 1508 et
285 1462 386 1529 aptato
401 1465 505 1531 peetus
519 1472 660 1512 mucrone
675 1451 729 1512 sub
744 1451 837 1514 imum

112 1541 249 1606 Incubuit
265 1543 359 1620 serro;
383 1547 460 1628 quod
476 1547 574 1610 adhue
589 1568 606 1610 a
619 1547 699 1610 cede
708 1550 846 1631 tepebat.

155 1639 236 1703 Vota
251 1656 350 1704 tamen
365 1643 489 1724 tetigere
505 1643 587 1720 deoe,
601 1645 724 1726 tetigere
740 1660 892 1728 parentes:

111 1735 191 1800 Nam
204 1739 287 1802 oolor
300 1739 334 1802 in'
345 1761 435 1822 pomo
449 1755 505 1817 est,
522 1740 569 1803 ubi
586 1743 788 1824 permaturuit,
804 1757 883 1806 ater:

111 1833 264 1920 Quodque
279 1837 356 1920 rogis
371 1851 515 1921 superest,
530 1837 591 1900 unia
604 1839 761 1923 requiescit
776 1841 805 1904 in
820 1841 904 1904 uma.
1043 1843 1086 1908 95

276 2089 333 2131 110
354 2089 396 2131 ta
418 2089 605 2132 neronam
627 2090 661 2131 tta
683 2089 766 2132 1120!
788 2089 922 2132 men.

539 2272 569 2314 r.
585 2252 659 2316 416.

107 2421 191 2484 'I'um
206 2413 361 2483 rero'totis
375 2419 490 2484 Bacchi
504 2423 693 2486 memorabile
707 2421 823 2486 Theoti

106 2518 232 2582 Numen
247 2531 328 2595 erat;
350 2539 529 2604 magnasque
543 2520 612 2582 novi
628 2535 782 2584 matertera
796 2519 873 2584 vires

106 2616 217 2680 Narrat
231 2617 343 2700 ubique
358 2616 423 2679 dei:
446 2616 483 2678 de
498 2630 600 2701 totque
615 2618 759 2680 sororibus
774 2639 883 2700 expers

106 2713 179 2776 Una
195 2714 302 2776 doloris
317 2727 390 2790 erat,
404 2713 458 2776 nisi
475 2735 562 2797 quem
578 2713 676 2777 secere
691 2736 814 2778 sorores.

153 2812 291 2894 Adspicit
307 2812 384 2874 hauc
399 2812 484 2886 natis,
499 2812 687 2894 thalamoque
702 2809 890 2873 Athamantis
905 2809 1065 2874 habentem

105 2910 259 2972 Sublimes
273 2910 395 2985 anirum,
410 2923 441 2972 et
456 2910 575 2971 alumno
589 2909 721 2984 numine,
735 2906 755 2968 J
758 2927 836 2982 uno;
1025 2910 1082 2970 101

105 3006 176 3070 Nee
191 3007 275 3069 tulit:
298 3021 330 3069 et
344 3028 456 3084 seeum,
471 3005 592 3069 ‘Potuit
606 3006 645 3068 de
659 3005 765 3088 pelliee
780 3017 865 3067 natus

106 3104 237 3166 Vertere
253 3103 407 3182 Maeonios,
422 3105 586 3188 pelagoque
602 3105 785 3186 immergere,
801 3115 915 3179 nautae,

105 3201 150 3264 Et
165 3202 324 3264 laceranda
338 3223 397 3262 suae
412 3202 472 3264 nati
488 3202 557 3264 dare
573 3203 684 3264 viscera
698 3200 793 3277 matri,

104 3299 149 3363 Et
164 3300 297 3382 triplices
312 3299 425 3381 operire
441 3299 524 3362 novis
539 3297 710 3381 Minyeidas
725 3298 794 3360 alis:
1027 3298 1087 3360 105

105 3397 159 3460 Nil
174 3398 286 3480 poterit
301 3395 391 3475 June,
406 3397 459 3460 nisi
474 3397 581 3460 inultos
597 3397 667 3458 flere
683 3397 820 3460 dolores?

104 3494 204 3580 quue
219 3495 292 3558 mihi
308 3495 378 3558 satis
393 3497 458 3558 est?
480 3495 543 3556 hee
558 3515 617 3555 una
633 3495 763 3576 potentia
777 3506 875 3556 nostra
893 3491 959 3554 eet?

106 3591 177 3676 lpse
194 3593 285 3656 docet
300 3593 371 3677 quid
387 3614 491 3674 agam3
516 3590 573 3675 (sas
588 3605 633 3653 est
648 3605 679 3652 et
693 3591 729 3653 ab
745 3592 828 3652 hoste
843 3584 957 3670 doceri)
