2568 4248
174 377 235 440 rot
480 383 840 435 nurnnonrnosuou

170 533 289 600 Cetera
302 547 370 597 sunt
385 535 531 598 hominis:
555 549 670 617 partem
686 532 885 596 damnatoria
901 553 1011 598 unam:
1111 535 1159 598 90

169 630 362 718 induiturque
377 654 462 695 aures
477 633 557 695 lente
573 631 732 714 gradientis
747 630 858 694 asellisa

110 751 112 756 ·
212 731 266 793 ille
282 731 400 815 quidem
415 731 503 806 celat,
518 731 656 813 turpique
673 743 793 792 onerata
809 727 921 812 pudore

168 828 322 912 Tempora
337 830 490 912 purpureis
506 842 598 891 tentat
614 828 712 890 velare
727 828 816 890 tiaris.

168 927 241 1003 Sed,
256 928 357 990 solitus
373 928 475 1008 longos
489 925 565 989 seno
579 946 711 988 resecare
726 926 861 1008 capillos,

169 1024 293 1088 Viderat
308 1025 366 1088 hoc
382 1025 518 1086 famulus.
563 1023 638 1098 Qui,
653 1025 722 1086 ciuu
738 1043 795 1086 nec
809 1023 934 1107 prodere
950 1023 1046 1088 visum
1106 1025 1156 1090 95

168 1120 311 1184 Dedecus
326 1120 458 1197 auderet,
473 1120 595 1203 cupiens
609 1119 714 1182 efferre
728 1119 783 1181 sub
798 1139 894 1195 auras,

168 1215 235 1283 Nec
251 1234 349 1303 posset
364 1219 487 1281 reticere
503 1232 612 1293 tamen,
628 1217 741 1280 secedit
750 1238 758 1293 ;
780 1218 965 1301 humumque

168 1315 302 1379 Effudit:
325 1333 366 1392 et,
381 1315 491 1378 domini
507 1315 609 1399 quales
623 1315 793 1398 adspexerit
807 1335 904 1393 aurea,

169 1412 255 1475 Voce
269 1413 356 1475 refert
373 1413 484 1495 parvai;
506 1428 648 1496 terreque
664 1391 867 1476 irumrffnrurat
881 1415 1003 1480 hauste.

168 1505 371 1594 Indiciumque
387 1532 445 1572 suae
463 1511 542 1572 vocis
558 1511 662 1573 tellure
677 1511 794 1593 regesta
1084 1519 1152 1582 100

166 1605 285 1682 Obruit,
300 1623 330 1668 et
344 1608 493 1669 scrobibus
510 1608 613 1670 tacitus
628 1608 753 1678 discedit
766 1609 884 1692 opertis.

166 1701 282 1767 Creber
296 1705 483 1767 arundinibus
492 1708 630 1790 tremulis
645 1707 684 1769 ibi
699 1729 816 1789 surgere
831 1709 916 1772 lucus

166 1800 289 1885 Coepit:
313 1817 354 1879 et,
369 1816 401 1864 ut
416 1804 543 1886 primum
558 1803 648 1887 piene
664 1807 802 1868 maturuit
818 1827 906 1882 anno,

166 1898 299 1964 Prodidit
314 1900 481 1982 agricolam.
525 1900 604 1964 Leni
619 1922 687 1962 nam
702 1919 800 1964 motus
816 1902 853 1964 ab
868 1903 979 1968 Austro

57 2043 59 2047 -
165 1995 281 2060 Obruta
295 1999 385 2062 verba
398 1998 505 2075 resert;
529 1998 698 2082 dominique
712 2001 845 2081 coarguit
860 2021 955 2064 aures.
1083 2005 1149 2068 105

319 2335 402 2377 carr
424 2313 469 2376 rr'
490 2335 661 2378 errorores
685 2337 720 2378 ru
742 2339 821 2380 aves
844 2337 979 2381 riu-rm.

592 2519 621 2560 v.
636 2502 710 2561 410.

163 2678 279 2742 interea
293 2677 445 2762 fratrisque
460 2681 516 2758 sui,
531 2680 710 2762 fratremque
725 2681 833 2742 secutis

161 2776 263 2840 Anxia
277 2778 415 2862 prodigiis
430 2779 562 2841 turbatus
577 2792 699 2863 pectora
710 2775 831 2860 C'cyxw
886 2765 893 2774 ’

162 2875 306 2939 Consulat
321 2892 353 2940 nt
368 2899 474 2953 sacras,
490 2877 642 2940 homiuum
657 2875 864 2952 oblectamina,
879 2889 982 2954 sortes,

160 2973 211 3034 Ad
227 2973 359 3036 Clarium
376 2989 456 3055 parat
473 2975 513 3036 ire
528 2975 638 3036 deum:
661 2995 731 3036 nam
746 2973 858 3056 templa
873 2973 1013 3057 profanus

160 3069 244 3131 Invia
258 3091 326 3131 cum
342 3069 485 3150 Phlegyis
501 3069 646 3132 faciebant
661 3070 811 3155 Delphica
827 3070 972 3136 Phorbas.
1078 3075 1145 3139 110
1191 3076 1195 3082 ’

204 3166 351 3228 Portubus
367 3167 517 3242 exierant3
540 3183 570 3228 et
584 3183 717 3230 moverat
732 3191 802 3234 aura
813 3169 964 3235 rudentes.

159 3262 298 3326 Obvertit
313 3265 392 3326 lateri
410 3264 574 3348 pendentes
589 3265 690 3328 navita
703 3287 819 3328 remos:

160 3361 339 3447 Cornuaque
354 3363 382 3424 in
398 3360 515 3424 summit
528 3361 605 3424 locat
621 3361 722 3427 arbore
735 3385 743 3440 ;
767 3379 886 3447 totaque
900 3363 980 3428 malo

63 3479 66 3486 ·
159 3458 291 3524 Carbasa
305 3461 423 3524 deducit
436 3480 445 3535 ;
468 3459 680 3543 venientesque
695 3461 808 3543 excipit
822 3482 919 3524 auras.

201 3557 265 3618 Aut
280 3558 386 3632 minus,
400 3569 451 3617 aut
464 3556 546 3618 certe
562 3556 692 3620 medium
707 3578 766 3618 non
780 3557 907 3638 amplius
924 3577 1024 3642 equor
1075 3562 1141 3624 115
