2568 4248
181 434 243 498 124
495 435 841 487 METAMORPHOSEON

178 589 241 654 Sed
255 602 354 652 tamen
369 596 494 649 eventus
508 601 622 664 vestra,
637 585 801 664 fortissime,
817 609 922 671 pugne

179 685 258 761 Quis
272 685 346 749 fuit?
368 683 483 748 Hector
497 685 556 749 abit
571 685 695 746 violatus
709 685 832 746 vulnere
851 685 942 748 nullo.

222 783 277 848 Me
291 785 441 859 miserum,
457 797 567 866 quanto
581 804 670 864 cogor
684 783 851 845 meminisse
867 782 968 846 dolore
1102 787 1168 849 280

180 879 340 965 Temporis
354 881 430 943 illius
443 902 451 957 3
475 902 544 963 quo,
560 879 683 964 Grajrim
698 901 810 956 murae,
825 881 960 943 Achilles

180 977 360 1042 Procubuit!
383 976 450 1040 Nec
464 997 513 1039 me
528 977 676 1060 lacrymae,
690 976 836 1054 luctnsve,
850 977 975 1040 timorve

180 1075 361 1153 Tardirunt,
376 1075 446 1159 quin
461 1095 568 1156 corpus
582 1074 673 1135 humo
688 1074 813 1136 sublime
828 1073 977 1137 referrem.

182 1171 240 1237 His
254 1173 394 1250 humeris,
409 1173 464 1249 his,
481 1172 610 1255 inquam,
626 1171 756 1233 humeris
771 1193 827 1253 ego
842 1193 950 1255 corpus
965 1172 1107 1251 Achillis,

183 1269 225 1334 Et
239 1270 326 1332 sirnul
341 1290 420 1331 arma
435 1270 506 1330 tuli:
530 1289 594 1352 qua
609 1290 688 1330 nunc
703 1290 821 1352 quoque
836 1267 911 1332 serre
926 1269 1038 1334 laboro.
1100 1273 1167 1334 285

184 1367 261 1429 Sunt
275 1366 358 1442 mihi,
374 1387 439 1449 quae
455 1365 571 1427 valeant
587 1366 616 1426 in
631 1365 701 1427 talia
715 1365 856 1448 pondera,
871 1367 947 1428 vires
957 1373 971 1429 τ’

184 1459 241 1524 Fst
255 1460 368 1522 animus
386 1473 496 1522 vestros
511 1462 593 1522 certe
608 1481 745 1522 sensurus
760 1460 897 1522 honores.

185 1558 306 1621 Scilicet
321 1557 428 1619 idcirco
442 1578 496 1640 pro
511 1571 600 1638 gnato
614 1557 720 1619 caerula
734 1570 828 1620 mater

185 1655 351 1718 Ambitiosa
363 1675 418 1716 suo
431 1653 495 1731 suit,
509 1667 543 1716 ut
557 1655 691 1717 coelestia
704 1654 791 1731 dona,

186 1752 268 1814 Artis
282 1772 358 1834 opus
371 1764 469 1828 tanta,
484 1751 563 1814 rudis
579 1765 611 1814 et
624 1752 687 1814 sine
702 1766 823 1834 pectore
844 1751 929 1814 miles
1102 1755 1168 1816 290

185 1849 347 1914 Induerat?
368 1869 465 1933 neque
480 1850 558 1912 enim
573 1849 672 1933 clypei
687 1849 940 1926 aelemosinam,

187 1947 355 2023 Oceanum,
370 1959 401 2007 et
414 1959 516 2023 terras,
531 1967 660 2030 cumque
675 1947 734 2009 alto
749 1946 844 2009 sidera
858 1947 947 2024 coelo,

177 2041 398 2126 Pleiadasque,
413 2040 607 2126 Hyadesque,
622 2043 842 2126 immunemque
858 2042 980 2126 aequoris
994 2042 1124 2122 Arcton,

188 2139 388 2224 Diversaeque
403 2141 501 2217 urbes,
515 2140 699 2223 nitidumque
715 2139 833 2202 Orionis
848 2161 963 2203 ensem.

187 2236 324 2302 Postulat
339 2251 372 2299 ut
385 2238 493 2320 capiat,
509 2260 572 2322 quae
587 2259 646 2300 non
661 2238 804 2320 intelligit,
819 2259 910 2300 arma.
1102 2240 1168 2302 295

232 2333 338 2408 Quid?
360 2335 440 2418 qudd
454 2356 514 2412 me,
529 2334 594 2397 duri
608 2333 770 2417 lugientem
783 2357 906 2400 munera
920 2336 1001 2414 belli,

190 2431 298 2513 Arguit
311 2432 431 2514 incepto
445 2452 543 2493 serum
557 2434 716 2495 accessisse
731 2433 844 2497 labori?

190 2526 258 2590 Nec
272 2548 305 2590 se
319 2528 507 2608 magnanimo
521 2528 698 2592 maledicere
714 2532 801 2593 sentit
820 2531 952 2610 Achilli?

190 2624 223 2688 Si
237 2624 390 2688 sirnuldsse
406 2636 493 2688 vocat
507 2625 629 2704 crimen,
644 2628 845 2709 simulavimus
860 2629 959 2691 ambo.

191 2722 224 2786 Si
239 2744 322 2787 mora
336 2743 390 2807 pto
403 2723 494 2808 culpi
509 2739 571 2802 est;
594 2746 650 2807 ego
665 2746 730 2787 sum
744 2727 883 2789 maturior
897 2727 958 2790 illo.
1105 2728 1171 2790 300

191 2819 246 2886 Me
261 2822 311 2907 pia
325 2822 450 2885 detinuit
463 2823 591 2907 conjux:
615 2824 663 2906 pia
677 2836 772 2885 mater
787 2824 943 2887 Achillen:

191 2919 352 3004 Primaque
366 2934 434 2983 sunt
449 2921 504 2983 illis
519 2921 588 2983 data
601 2935 745 3003 tempora,
760 2935 866 2983 caetera
880 2923 972 2984 vobis.

193 3015 284 3078 Haud
298 3017 400 3093 timeo,
414 3018 439 3078 si
450 3016 512 3099 jam
527 3038 645 3099 nequeo
658 3017 817 3080 defendere
832 3019 942 3081 crimen

193 3111 274 3176 Cum
287 3125 370 3174 tanto
383 3133 541 3175 commune
559 3114 631 3173 viro.
677 3114 851 3198 Deprensus
866 3115 983 3199 Ulyssis

193 3208 316 3291 Ingenio
330 3223 430 3271 tamen
445 3208 494 3270 ille
507 3230 516 3284 ;
538 3222 569 3271 at
582 3231 642 3270 non
656 3210 769 3296 Ajaois,
784 3211 922 3296 UlysseS.
1107 3215 1172 3278 305

236 3304 323 3368 Neve
339 3307 368 3368 in
383 3327 431 3368 me
446 3307 557 3369 stolida
571 3309 703 3371 convicia
719 3308 841 3372 sundere
856 3311 963 3391 linguae

194 3402 385 3466 Admiremur
398 3423 486 3466 eum:
509 3404 592 3466 vobis
608 3425 725 3491 qnoque
741 3407 828 3488 digna
845 3406 958 3491 pudore

194 3499 318 3584 Objicit.
365 3500 416 3562 Aa
430 3500 503 3563 falso
518 3501 700 3565 Palameden
716 3505 838 3567 crimine
852 3519 939 3588 turpe

117 3691 118 3695 Ἰ
194 3592 363 3655 Accusisse
376 3595 459 3671 mihi,
474 3596 557 3659 vobis
572 3596 728 3658 damnasse
743 3598 883 3660 decorum
899 3599 967 3663 est?
