<?xml version="1.0" encoding="UTF-8"?>
<!DOCTYPE html PUBLIC "-//W3C//DTD XHTML 1.0 Transitional//EN"
    "http://www.w3.org/TR/xhtml1/DTD/xhtml1-transitional.dtd">
<html xmlns="http://www.w3.org/1999/xhtml" xml:lang="en" lang="en">
 <head>
  <title>
</title>
<meta http-equiv="Content-Type" content="text/html;charset=utf-8" />
  <meta name='ocr-system' content='tesseract 3.04.00' />
  <meta name='ocr-capabilities' content='ocr_page ocr_carea ocr_par ocr_line ocrx_word'/>
</head>
<body>
  <div class='ocr_page' id='page_1' title='image "./excerptaexscrip01ovidgoog_0020.png"; bbox 0 0 2572 4242; ppageno 0'>
   <div class='ocr_carea' id='block_1_1' title="bbox 193 453 869 516">
    <p class='ocr_par' dir='ltr' id='par_1_1' title="bbox 193 453 869 516">
     <span class='ocr_line' id='line_1_1' title="bbox 193 453 869 516; baseline 0.006 -12"><span class='ocrx_word' id='word_1_1' title='bbox 193 453 218 516; x_wconf 75' lang='grc'><strong>6</strong></span> <span class='ocrx_word' id='word_1_2' title='bbox 517 457 869 508; x_wconf 75' lang='lat' dir='ltr'>Murnuourflosuott</span> 
     </span>
    </p>
   </div>
   <div class='ocr_carea' id='block_1_2' title="bbox 182 606 1230 2939">
    <p class='ocr_par' dir='ltr' id='par_1_2' title="bbox 197 606 1077 696">
     <span class='ocr_line' id='line_1_2' title="bbox 197 606 1077 696; baseline 0.008 -25"><span class='ocrx_word' id='word_1_3' title='bbox 197 609 343 693; x_wconf 85' lang='lat' dir='ltr'>Quasque</span> <span class='ocrx_word' id='word_1_4' title='bbox 357 606 571 686; x_wconf 68' lang='lat' dir='ltr'>recondiderat,</span> <span class='ocrx_word' id='word_1_5' title='bbox 586 607 756 696; x_wconf 80' lang='lat' dir='ltr'>Stygiisque</span> <span class='ocrx_word' id='word_1_6' title='bbox 772 609 943 674; x_wconf 83' lang='lat' dir='ltr'>admoverat</span> <span class='ocrx_word' id='word_1_7' title='bbox 956 610 1077 692; x_wconf 64' lang='lat' dir='ltr'>umbro,</span> 
     </span>
    </p>

    <p class='ocr_par' dir='ltr' id='par_1_3' title="bbox 196 706 1177 790">
     <span class='ocr_line' id='line_1_3' title="bbox 196 706 1177 790; baseline -0.005 -19"><span class='ocrx_word' id='word_1_8' title='bbox 196 707 386 771; x_wconf 84' lang='lat' dir='ltr'>Effodiuntur</span> <span class='ocrx_word' id='word_1_9' title='bbox 399 727 483 790; x_wconf 89' lang='lat' dir='ltr'>opes,</span> <span class='ocrx_word' id='word_1_10' title='bbox 497 706 676 768; x_wconf 83' lang='lat' dir='ltr'>irritamenta</span> <span class='ocrx_word' id='word_1_11' title='bbox 690 707 845 768; x_wconf 85' lang='lat' dir='ltr'>malorum.</span> <span class='ocrx_word' id='word_1_12' title='bbox 1112 713 1177 777; x_wconf 87' lang='lat'>140</span> 
     </span>
    </p>

    <p class='ocr_par' dir='ltr' id='par_1_4' title="bbox 195 803 1019 890">
     <span class='ocr_line' id='line_1_4' title="bbox 195 803 1019 890; baseline -0.001 -22"><span class='ocrx_word' id='word_1_13' title='bbox 195 805 324 890; x_wconf 84' lang='lat' dir='ltr'><strong>Jamque</strong></span> <span class='ocrx_word' id='word_1_14' title='bbox 339 826 450 868; x_wconf 89' lang='lat' dir='ltr'>nocens</span> <span class='ocrx_word' id='word_1_15' title='bbox 466 804 583 880; x_wconf 83' lang='lat' dir='ltr'>ferrum,</span> <span class='ocrx_word' id='word_1_16' title='bbox 599 803 733 886; x_wconf 84' lang='lat' dir='ltr'>ferroque</span> <span class='ocrx_word' id='word_1_17' title='bbox 748 804 901 866; x_wconf 87' lang='lat' dir='ltr'>nocentius</span> <span class='ocrx_word' id='word_1_18' title='bbox 915 825 1019 867; x_wconf 90' lang='lat' dir='ltr'>aurum</span> 
     </span>
    </p>

    <p class='ocr_par' dir='ltr' id='par_1_5' title="bbox 198 901 1021 987">
     <span class='ocr_line' id='line_1_5' title="bbox 198 901 1021 987; baseline -0.004 -20"><span class='ocrx_word' id='word_1_19' title='bbox 198 904 387 967; x_wconf 85' lang='lat' dir='ltr'>Prodierant:</span> <span class='ocrx_word' id='word_1_20' title='bbox 411 904 507 987; x_wconf 82' lang='lat' dir='ltr'>prodit</span> <span class='ocrx_word' id='word_1_21' title='bbox 522 903 642 977; x_wconf 86' lang='lat' dir='ltr'>bellurn,</span> <span class='ocrx_word' id='word_1_22' title='bbox 658 901 737 986; x_wconf 92' lang='lat' dir='ltr'>quod</span> <span class='ocrx_word' id='word_1_23' title='bbox 753 917 864 984; x_wconf 83' lang='lat' dir='ltr'>pugnat</span> <span class='ocrx_word' id='word_1_24' title='bbox 878 917 1021 985; x_wconf 84' lang='lat' dir='ltr'>utroque3</span> 
     </span>
    </p>

    <p class='ocr_par' dir='ltr' id='par_1_6' title="bbox 197 1001 1032 1086">
     <span class='ocr_line' id='line_1_6' title="bbox 197 1001 1032 1086; baseline -0.004 -22"><span class='ocrx_word' id='word_1_25' title='bbox 197 1003 425 1086; x_wconf 75' lang='lat' dir='ltr'>Sanguineitque</span> <span class='ocrx_word' id='word_1_26' title='bbox 440 1021 529 1064; x_wconf 86' lang='lat' dir='ltr'>manu</span> <span class='ocrx_word' id='word_1_27' title='bbox 544 1001 718 1083; x_wconf 82' lang='lat' dir='ltr'>crepitantia</span> <span class='ocrx_word' id='word_1_28' title='bbox 732 1001 863 1062; x_wconf 87' lang='lat' dir='ltr'>concutit</span> <span class='ocrx_word' id='word_1_29' title='bbox 878 1021 969 1061; x_wconf 85' lang='lat' dir='ltr'>arma.</span> <span class='ocrx_word' id='word_1_30' title='bbox 1029 1025 1032 1030; x_wconf 95' lang='lat'>·</span> 
     </span>
    </p>

    <p class='ocr_par' dir='ltr' id='par_1_7' title="bbox 201 1098 979 1183">
     <span class='ocr_line' id='line_1_7' title="bbox 201 1098 979 1183; baseline -0.003 -23"><span class='ocrx_word' id='word_1_31' title='bbox 201 1099 316 1161; x_wconf 83' lang='lat' dir='ltr'>Vivitur</span> <span class='ocrx_word' id='word_1_32' title='bbox 330 1121 368 1162; x_wconf 80' lang='lat' dir='ltr'>ex</span> <span class='ocrx_word' id='word_1_33' title='bbox 385 1114 484 1183; x_wconf 89' lang='lat' dir='ltr'>rapto:</span> <span class='ocrx_word' id='word_1_34' title='bbox 508 1120 567 1160; x_wconf 88' lang='lat' dir='ltr'>non</span> <span class='ocrx_word' id='word_1_35' title='bbox 584 1098 691 1181; x_wconf 83' lang='lat' dir='ltr'>hospes</span> <span class='ocrx_word' id='word_1_36' title='bbox 706 1098 742 1159; x_wconf 87' lang='lat' dir='ltr'>ab</span> <span class='ocrx_word' id='word_1_37' title='bbox 758 1098 873 1179; x_wconf 89' lang='lat' dir='ltr'>hospite</span> <span class='ocrx_word' id='word_1_38' title='bbox 889 1111 979 1174; x_wconf 91' lang='lat' dir='ltr'>tutus,</span> 
     </span>
    </p>

    <p class='ocr_par' dir='ltr' id='par_1_8' title="bbox 197 1194 1230 1278">
     <span class='ocr_line' id='line_1_8' title="bbox 197 1194 1230 1278; baseline -0.002 -17"><span class='ocrx_word' id='word_1_39' title='bbox 197 1198 265 1261; x_wconf 85' lang='lat' dir='ltr'>Non</span> <span class='ocrx_word' id='word_1_40' title='bbox 282 1220 366 1260; x_wconf 89' lang='lat' dir='ltr'>socer</span> <span class='ocrx_word' id='word_1_41' title='bbox 381 1220 399 1260; x_wconf 86' lang='lat' dir='ltr'>a</span> <span class='ocrx_word' id='word_1_42' title='bbox 413 1217 539 1278; x_wconf 84' lang='lat' dir='ltr'>genero:</span> <span class='ocrx_word' id='word_1_43' title='bbox 564 1195 681 1258; x_wconf 80' lang='lat' dir='ltr'>fratrum</span> <span class='ocrx_word' id='word_1_44' title='bbox 698 1217 816 1278; x_wconf 88' lang='lat' dir='ltr'>quoque</span> <span class='ocrx_word' id='word_1_45' title='bbox 831 1197 923 1277; x_wconf 82' lang='lat' dir='ltr'>gratia</span> <span class='ocrx_word' id='word_1_46' title='bbox 938 1217 1002 1257; x_wconf 87' lang='lat' dir='ltr'>rara</span> <span class='ocrx_word' id='word_1_47' title='bbox 1016 1209 1084 1258; x_wconf 83' lang='lat' dir='ltr'>est..</span> <span class='ocrx_word' id='word_1_48' title='bbox 1114 1199 1177 1259; x_wconf 77' lang='lat'>145</span> <span class='ocrx_word' id='word_1_49' title='bbox 1224 1194 1230 1199; x_wconf 53' lang='lat'><strong>⁴</strong></span> 
     </span>
    </p>

    <p class='ocr_par' dir='ltr' id='par_1_9' title="bbox 197 1293 850 1377">
     <span class='ocr_line' id='line_1_9' title="bbox 197 1293 850 1377; baseline -0.005 -19"><span class='ocrx_word' id='word_1_50' title='bbox 197 1296 334 1358; x_wconf 86' lang='lat' dir='ltr'>inuuinet</span> <span class='ocrx_word' id='word_1_51' title='bbox 349 1295 441 1358; x_wconf 85' lang='lat' dir='ltr'>exitio</span> <span class='ocrx_word' id='word_1_52' title='bbox 457 1295 499 1356; x_wconf 87' lang='lat' dir='ltr'>vir</span> <span class='ocrx_word' id='word_1_53' title='bbox 513 1293 657 1377; x_wconf 82' lang='lat' dir='ltr'>conjugis,</span> <span class='ocrx_word' id='word_1_54' title='bbox 673 1293 721 1355; x_wconf 90' lang='lat' dir='ltr'>illa</span> <span class='ocrx_word' id='word_1_55' title='bbox 738 1296 850 1355; x_wconf 86' lang='lat' dir='ltr'>mariti:</span> 
     </span>
    </p>

    <p class='ocr_par' dir='ltr' id='par_1_10' title="bbox 196 1392 898 1456">
     <span class='ocr_line' id='line_1_10' title="bbox 196 1392 898 1456; baseline -0.006 0"><span class='ocrx_word' id='word_1_56' title='bbox 196 1392 308 1456; x_wconf 84' lang='lat' dir='ltr'>Lurida</span> <span class='ocrx_word' id='word_1_57' title='bbox 324 1393 464 1455; x_wconf 85' lang='lat' dir='ltr'>terribiles</span> <span class='ocrx_word' id='word_1_58' title='bbox 479 1392 602 1454; x_wconf 86' lang='lat' dir='ltr'>miscent</span> <span class='ocrx_word' id='word_1_59' title='bbox 618 1393 733 1453; x_wconf 84' lang='lat' dir='ltr'>aconita</span> <span class='ocrx_word' id='word_1_60' title='bbox 748 1412 898 1453; x_wconf 80' lang='lat' dir='ltr'>novercae:</span> 
     </span>
    </p>

    <p class='ocr_par' dir='ltr' id='par_1_11' title="bbox 199 1489 885 1572">
     <span class='ocr_line' id='line_1_11' title="bbox 199 1489 885 1572; baseline -0.003 -20"><span class='ocrx_word' id='word_1_61' title='bbox 199 1489 291 1552; x_wconf 80' lang='lat' dir='ltr'>Filius</span> <span class='ocrx_word' id='word_1_62' title='bbox 306 1506 373 1552; x_wconf 89' lang='lat' dir='ltr'>ante</span> <span class='ocrx_word' id='word_1_63' title='bbox 389 1491 467 1551; x_wconf 88' lang='lat' dir='ltr'>diem</span> <span class='ocrx_word' id='word_1_64' title='bbox 485 1489 591 1572; x_wconf 87' lang='lat' dir='ltr'>patrios</span> <span class='ocrx_word' id='word_1_65' title='bbox 608 1489 724 1571; x_wconf 87' lang='lat' dir='ltr'>inquirit</span> <span class='ocrx_word' id='word_1_66' title='bbox 740 1491 768 1550; x_wconf 91' lang='lat' dir='ltr'>in</span> <span class='ocrx_word' id='word_1_67' title='bbox 783 1511 885 1551; x_wconf 78' lang='lat' dir='ltr'>annos</span> 
     </span>
    </p>

    <p class='ocr_par' dir='ltr' id='par_1_12' title="bbox 202 1587 934 1672">
     <span class='ocr_line' id='line_1_12' title="bbox 202 1587 934 1672; baseline -0.001 -24"><span class='ocrx_word' id='word_1_68' title='bbox 202 1587 286 1649; x_wconf 79' lang='lat' dir='ltr'>Victa</span> <span class='ocrx_word' id='word_1_69' title='bbox 298 1588 378 1672; x_wconf 83' lang='lat' dir='ltr'>jacet</span> <span class='ocrx_word' id='word_1_70' title='bbox 396 1587 510 1648; x_wconf 86' lang='lat' dir='ltr'>Pietas:</span> <span class='ocrx_word' id='word_1_71' title='bbox 535 1603 565 1648; x_wconf 88' lang='lat' dir='ltr'>et</span> <span class='ocrx_word' id='word_1_72' title='bbox 580 1588 661 1667; x_wconf 83' lang='lat' dir='ltr'>virgo</span> <span class='ocrx_word' id='word_1_73' title='bbox 675 1587 755 1650; x_wconf 84' lang='lat' dir='ltr'>caede</span> <span class='ocrx_word' id='word_1_74' title='bbox 772 1589 934 1664; x_wconf 83' lang='lat' dir='ltr'>madentes,</span> 
     </span>
    </p>

    <p class='ocr_par' dir='ltr' id='par_1_13' title="bbox 200 1684 924 1856">
     <span class='ocr_line' id='line_1_13' title="bbox 200 1684 924 1767; baseline -0.001 -20"><span class='ocrx_word' id='word_1_75' title='bbox 200 1684 309 1747; x_wconf 81' lang='lat' dir='ltr'>Ultima</span> <span class='ocrx_word' id='word_1_76' title='bbox 325 1687 491 1760; x_wconf 60' lang='lat' dir='ltr'>coelestini,</span> <span class='ocrx_word' id='word_1_77' title='bbox 508 1699 597 1746; x_wconf 72' lang='lat' dir='ltr'>terres</span> <span class='ocrx_word' id='word_1_78' title='bbox 613 1687 723 1746; x_wconf 85' lang='lat' dir='ltr'>Astraea</span> <span class='ocrx_word' id='word_1_79' title='bbox 742 1686 866 1767; x_wconf 82' lang='lat' dir='ltr'>reliquit.</span> <span class='ocrx_word' id='word_1_80' title='bbox 922 1706 924 1710; x_wconf 86' lang='lat'>·</span> 
     </span>
     <span class='ocr_line' id='line_1_14' title="bbox 241 1782 902 1856; baseline -0.003 -12"><span class='ocrx_word' id='word_1_81' title='bbox 241 1782 328 1844; x_wconf 73' lang='lat' dir='ltr'>[teve</span> <span class='ocrx_word' id='word_1_82' title='bbox 346 1783 416 1844; x_wconf 80' lang='lat' dir='ltr'>tinet</span> <span class='ocrx_word' id='word_1_83' title='bbox 434 1785 515 1844; x_wconf 87' lang='lat' dir='ltr'>terris</span> <span class='ocrx_word' id='word_1_84' title='bbox 530 1783 659 1844; x_wconf 86' lang='lat' dir='ltr'>securior</span> <span class='ocrx_word' id='word_1_85' title='bbox 673 1785 779 1844; x_wconf 80' lang='lat' dir='ltr'>arduus</span> <span class='ocrx_word' id='word_1_86' title='bbox 795 1785 902 1856; x_wconf 80' lang='lat' dir='ltr'>aerirer;</span> 
     </span>
    </p>

    <p class='ocr_par' dir='ltr' id='par_1_14' title="bbox 199 1879 926 1962">
     <span class='ocr_line' id='line_1_15' title="bbox 199 1879 926 1962; baseline 0 -20"><span class='ocrx_word' id='word_1_87' title='bbox 199 1881 365 1942; x_wconf 70' lang='lat' dir='ltr'>Affectisse</span> <span class='ocrx_word' id='word_1_88' title='bbox 383 1879 475 1942; x_wconf 85' lang='lat' dir='ltr'>serunt</span> <span class='ocrx_word' id='word_1_89' title='bbox 492 1901 613 1962; x_wconf 82' lang='lat' dir='ltr'>regnum</span> <span class='ocrx_word' id='word_1_90' title='bbox 629 1882 750 1942; x_wconf 83' lang='lat' dir='ltr'>coeleste</span> <span class='ocrx_word' id='word_1_91' title='bbox 767 1881 926 1960; x_wconf 70' lang='lat' dir='ltr'>Gigantas:</span> 
     </span>
    </p>

    <p class='ocr_par' dir='ltr' id='par_1_15' title="bbox 199 1977 958 2061">
     <span class='ocr_line' id='line_1_16' title="bbox 199 1977 958 2061; baseline -0.003 -21"><span class='ocrx_word' id='word_1_92' title='bbox 199 1979 328 2061; x_wconf 71' lang='lat' dir='ltr'>Altaque</span> <span class='ocrx_word' id='word_1_93' title='bbox 343 1994 498 2060; x_wconf 82' lang='lat' dir='ltr'>congestos</span> <span class='ocrx_word' id='word_1_94' title='bbox 513 1978 652 2040; x_wconf 84' lang='lat' dir='ltr'>struxisse</span> <span class='ocrx_word' id='word_1_95' title='bbox 668 1979 703 2038; x_wconf 89' lang='lat' dir='ltr'>ad</span> <span class='ocrx_word' id='word_1_96' title='bbox 720 1977 812 2038; x_wconf 85' lang='lat' dir='ltr'>sidera</span> <span class='ocrx_word' id='word_1_97' title='bbox 834 1994 958 2038; x_wconf 83' lang='lat' dir='ltr'>montes.</span> 
     </span>
    </p>

    <p class='ocr_par' dir='ltr' id='par_1_16' title="bbox 197 2075 1015 2159">
     <span class='ocr_line' id='line_1_17' title="bbox 197 2075 1015 2159; baseline 0.001 -22"><span class='ocrx_word' id='word_1_98' title='bbox 197 2075 278 2137; x_wconf 87' lang='lat' dir='ltr'>Turn</span> <span class='ocrx_word' id='word_1_99' title='bbox 297 2093 378 2159; x_wconf 82' lang='lat' dir='ltr'>pater</span> <span class='ocrx_word' id='word_1_100' title='bbox 392 2078 578 2159; x_wconf 79' lang='lat' dir='ltr'>omnipotens</span> <span class='ocrx_word' id='word_1_101' title='bbox 595 2079 681 2138; x_wconf 86' lang='lat' dir='ltr'>rnisso</span> <span class='ocrx_word' id='word_1_102' title='bbox 698 2077 834 2158; x_wconf 75' lang='lat' dir='ltr'>perfregit</span> <span class='ocrx_word' id='word_1_103' title='bbox 849 2075 1015 2159; x_wconf 72' lang='lat' dir='ltr'>Olympum</span> 
     </span>
    </p>

    <p class='ocr_par' dir='ltr' id='par_1_17' title="bbox 198 2172 923 2256">
     <span class='ocr_line' id='line_1_18' title="bbox 198 2172 923 2256; baseline -0.001 -21"><span class='ocrx_word' id='word_1_104' title='bbox 198 2172 225 2235; x_wconf 83' lang='lat' dir='ltr'><strong>F</strong></span> <span class='ocrx_word' id='word_1_105' title='bbox 229 2176 348 2248; x_wconf 80' lang='lat' dir='ltr'>uimine,</span> <span class='ocrx_word' id='word_1_106' title='bbox 364 2190 392 2235; x_wconf 86' lang='lat' dir='ltr'>et</span> <span class='ocrx_word' id='word_1_107' title='bbox 409 2178 536 2235; x_wconf 84' lang='lat' dir='ltr'>excussit</span> <span class='ocrx_word' id='word_1_108' title='bbox 554 2175 688 2256; x_wconf 80' lang='lat' dir='ltr'>subjecto</span> <span class='ocrx_word' id='word_1_109' title='bbox 707 2173 789 2235; x_wconf 84' lang='lat' dir='ltr'>Pelio</span> <span class='ocrx_word' id='word_1_110' title='bbox 805 2174 923 2235; x_wconf 85' lang='lat' dir='ltr'>Ossatu.</span> 
     </span>
    </p>

    <p class='ocr_par' dir='ltr' id='par_1_18' title="bbox 182 2269 1025 2939">
     <span class='ocr_line' id='line_1_19' title="bbox 182 2269 941 2354; baseline 0 -28"><span class='ocrx_word' id='word_1_111' title='bbox 182 2315 186 2326; x_wconf 90' lang='lat'>.</span> <span class='ocrx_word' id='word_1_112' title='bbox 198 2269 313 2332; x_wconf 85' lang='lat' dir='ltr'>Obruta</span> <span class='ocrx_word' id='word_1_113' title='bbox 328 2273 405 2331; x_wconf 86' lang='lat' dir='ltr'>nrole</span> <span class='ocrx_word' id='word_1_114' title='bbox 421 2273 475 2331; x_wconf 79' lang='lat' dir='ltr'>su&#39;a</span> <span class='ocrx_word' id='word_1_115' title='bbox 489 2293 515 2332; x_wconf 89' lang='lat' dir='ltr'>c.</span> <span class='ocrx_word' id='word_1_116' title='bbox 529 2293 557 2331; x_wconf 86' lang='lat' dir='ltr'>tn</span> <span class='ocrx_word' id='word_1_117' title='bbox 573 2292 696 2352; x_wconf 87' lang='lat' dir='ltr'>corpora</span> <span class='ocrx_word' id='word_1_118' title='bbox 708 2273 766 2332; x_wconf 77' lang='lat' dir='ltr'>dira</span> <span class='ocrx_word' id='word_1_119' title='bbox 780 2272 912 2354; x_wconf 84' lang='lat' dir='ltr'>jacerent</span> <span class='ocrx_word' id='word_1_120' title='bbox 923 2293 941 2347; x_wconf 81' lang='lat'>3.</span> 
     </span>
     <span class='ocr_line' id='line_1_20' title="bbox 198 2365 906 2448; baseline 0.001 -20"><span class='ocrx_word' id='word_1_121' title='bbox 198 2365 351 2428; x_wconf 81' lang='lat' dir='ltr'>Persusarn</span> <span class='ocrx_word' id='word_1_122' title='bbox 369 2368 461 2427; x_wconf 80' lang='lat' dir='ltr'>inuito</span> <span class='ocrx_word' id='word_1_123' title='bbox 477 2382 610 2428; x_wconf 86' lang='lat' dir='ltr'>natorum</span> <span class='ocrx_word' id='word_1_124' title='bbox 626 2370 767 2448; x_wconf 84' lang='lat' dir='ltr'>sanguine</span> <span class='ocrx_word' id='word_1_125' title='bbox 782 2367 906 2429; x_wconf 87' lang='lat' dir='ltr'>Terram</span> 
     </span>
     <span class='ocr_line' id='line_1_21' title="bbox 198 2462 1012 2546; baseline 0.006 -22"><span class='ocrx_word' id='word_1_126' title='bbox 198 2463 358 2525; x_wconf 82' lang='lat' dir='ltr'>incaluisse</span> <span class='ocrx_word' id='word_1_127' title='bbox 374 2462 479 2536; x_wconf 86' lang='lat' dir='ltr'>serunt,</span> <span class='ocrx_word' id='word_1_128' title='bbox 495 2464 681 2546; x_wconf 82' lang='lat' dir='ltr'>calidumque</span> <span class='ocrx_word' id='word_1_129' title='bbox 698 2465 842 2526; x_wconf 78' lang='lat' dir='ltr'>aninritsse</span> <span class='ocrx_word' id='word_1_130' title='bbox 857 2487 1012 2529; x_wconf 88' lang='lat' dir='ltr'>cruorem:</span> 
     </span>
     <span class='ocr_line' id='line_1_22' title="bbox 199 2559 972 2643; baseline 0.005 -21"><span class='ocrx_word' id='word_1_131' title='bbox 199 2559 251 2633; x_wconf 88' lang='grc' dir='ltr'>Ει,</span> <span class='ocrx_word' id='word_1_132' title='bbox 267 2582 303 2622; x_wconf 87' lang='lat' dir='ltr'>ne</span> <span class='ocrx_word' id='word_1_133' title='bbox 320 2560 397 2622; x_wconf 83' lang='lat' dir='ltr'>nulla</span> <span class='ocrx_word' id='word_1_134' title='bbox 414 2559 479 2622; x_wconf 86' lang='lat' dir='ltr'>serae</span> <span class='ocrx_word' id='word_1_135' title='bbox 494 2561 589 2643; x_wconf 86' lang='lat' dir='ltr'>stirpis</span> <span class='ocrx_word' id='word_1_136' title='bbox 606 2579 794 2624; x_wconf 86' lang='lat' dir='ltr'>rnonnrnenta</span> <span class='ocrx_word' id='word_1_137' title='bbox 810 2579 972 2639; x_wconf 87' lang='lat' dir='ltr'>manerent,</span> 
     </span>
     <span class='ocr_line' id='line_1_23' title="bbox 199 2657 1025 2744; baseline 0.006 -26"><span class='ocrx_word' id='word_1_138' title='bbox 199 2657 231 2718; x_wconf 91' lang='lat' dir='ltr'>lu</span> <span class='ocrx_word' id='word_1_139' title='bbox 246 2657 349 2719; x_wconf 80' lang='lat' dir='ltr'>sacient</span> <span class='ocrx_word' id='word_1_140' title='bbox 367 2658 486 2720; x_wconf 86' lang='lat' dir='ltr'>vertisse</span> <span class='ocrx_word' id='word_1_141' title='bbox 502 2659 664 2722; x_wconf 90' lang='lat' dir='ltr'>hominum.</span> <span class='ocrx_word' id='word_1_142' title='bbox 678 2705 695 2724; x_wconf 82' lang='lat'>..</span> <span class='ocrx_word' id='word_1_143' title='bbox 710 2658 769 2722; x_wconf 88' lang='lat' dir='ltr'>Sed</span> <span class='ocrx_word' id='word_1_144' title='bbox 786 2676 814 2722; x_wconf 91' lang='lat' dir='ltr'>et</span> <span class='ocrx_word' id='word_1_145' title='bbox 833 2661 879 2722; x_wconf 86' lang='lat' dir='ltr'>illa</span> <span class='ocrx_word' id='word_1_146' title='bbox 897 2682 1025 2744; x_wconf 86' lang='lat' dir='ltr'>propago</span> 
     </span>
     <span class='ocr_line' id='line_1_24' title="bbox 198 2745 1012 2841; baseline 0.006 -26"><span class='ocrx_word' id='word_1_147' title='bbox 198 2745 408 2838; x_wconf 80' lang='lat' dir='ltr'>Corrterrrptrix</span> <span class='ocrx_word' id='word_1_148' title='bbox 421 2759 561 2840; x_wconf 82' lang='lat' dir='ltr'>superrim</span> <span class='ocrx_word' id='word_1_149' title='bbox 576 2779 718 2841; x_wconf 84' lang='lat' dir='ltr'>saevaeque</span> <span class='ocrx_word' id='word_1_150' title='bbox 734 2759 901 2820; x_wconf 83' lang='lat' dir='ltr'>avidissima</span> <span class='ocrx_word' id='word_1_151' title='bbox 914 2759 1012 2836; x_wconf 86' lang='lat' dir='ltr'>caedis,</span> 
     </span>
     <span class='ocr_line' id='line_1_25' title="bbox 198 2851 896 2939; baseline 0.003 -24"><span class='ocrx_word' id='word_1_152' title='bbox 198 2851 239 2915; x_wconf 87' lang='lat' dir='ltr'>Et</span> <span class='ocrx_word' id='word_1_153' title='bbox 258 2855 384 2914; x_wconf 86' lang='lat' dir='ltr'>violenta</span> <span class='ocrx_word' id='word_1_154' title='bbox 401 2853 469 2916; x_wconf 86' lang='lat' dir='ltr'>suit:</span> <span class='ocrx_word' id='word_1_155' title='bbox 493 2856 582 2917; x_wconf 87' lang='lat' dir='ltr'>scires</span> <span class='ocrx_word' id='word_1_156' title='bbox 598 2877 614 2918; x_wconf 90' lang='lat' dir='ltr'>e</span> <span class='ocrx_word' id='word_1_157' title='bbox 630 2858 771 2939; x_wconf 86' lang='lat' dir='ltr'>sanguine</span> <span class='ocrx_word' id='word_1_158' title='bbox 787 2872 896 2919; x_wconf 61' lang='lat' dir='ltr'>natos„</span> 
     </span>
    </p>
   </div>
   <div class='ocr_carea' id='block_1_3' title="bbox 440 3103 935 3168">
    <p class='ocr_par' dir='ltr' id='par_1_19' title="bbox 440 3103 935 3168">
     <span class='ocr_line' id='line_1_26' title="bbox 440 3103 935 3168; baseline 0.016 -26"><span class='ocrx_word' id='word_1_159' title='bbox 440 3103 562 3144; x_wconf 72' lang='lat' dir='ltr'>creton</span> <span class='ocrx_word' id='word_1_160' title='bbox 588 3105 621 3146; x_wconf 84' lang='lat' dir='ltr'>tu</span> <span class='ocrx_word' id='word_1_161' title='bbox 644 3107 753 3148; x_wconf 73' lang='lat' dir='ltr'>curura</span> <span class='ocrx_word' id='word_1_162' title='bbox 775 3107 935 3168; x_wconf 71' lang='lat' dir='ltr'>auratus.</span> 
     </span>
    </p>
   </div>
   <div class='ocr_carea' id='block_1_4' title="bbox 199 3435 945 3712">
    <p class='ocr_par' dir='ltr' id='par_1_20' title="bbox 199 3435 945 3712">
     <span class='ocr_line' id='line_1_27' title="bbox 205 3435 945 3517; baseline 0.003 -21"><span class='ocrx_word' id='word_1_163' title='bbox 205 3473 210 3481; x_wconf 83' lang='lat'><em>·</em></span> <span class='ocrx_word' id='word_1_164' title='bbox 242 3435 320 3508; x_wconf 81' lang='lat' dir='ltr'>Quae</span> <span class='ocrx_word' id='word_1_165' title='bbox 338 3450 464 3517; x_wconf 80' lang='lat' dir='ltr'>poterut</span> <span class='ocrx_word' id='word_1_166' title='bbox 481 3435 597 3496; x_wconf 66' lang='lat' dir='ltr'>summi</span> <span class='ocrx_word' id='word_1_167' title='bbox 614 3435 683 3496; x_wconf 89' lang='lat' dir='ltr'>vidit</span> <span class='ocrx_word' id='word_1_168' title='bbox 699 3435 852 3499; x_wconf 85' lang='lat' dir='ltr'>Saturnius</span> <span class='ocrx_word' id='word_1_169' title='bbox 867 3458 945 3514; x_wconf 85' lang='lat' dir='ltr'>aree,</span> 
     </span>
     <span class='ocr_line' id='line_1_28' title="bbox 202 3526 917 3616; baseline 0.001 -20"><span class='ocrx_word' id='word_1_170' title='bbox 202 3526 324 3616; x_wconf 79' lang='lat' dir='ltr'>ingeinit</span> <span class='ocrx_word' id='word_1_171' title='bbox 335 3555 348 3594; x_wconf 66' lang='grc' dir='ltr'>ε,</span> <span class='ocrx_word' id='word_1_172' title='bbox 366 3549 406 3608; x_wconf 92' lang='lat' dir='ltr'>et,</span> <span class='ocrx_word' id='word_1_173' title='bbox 423 3533 499 3595; x_wconf 84' lang='lat' dir='ltr'>sacto</span> <span class='ocrx_word' id='word_1_174' title='bbox 514 3534 644 3596; x_wconf 85' lang='lat' dir='ltr'>nondum</span> <span class='ocrx_word' id='word_1_175' title='bbox 660 3535 778 3615; x_wconf 84' lang='lat' dir='ltr'>vulgata</span> <span class='ocrx_word' id='word_1_176' title='bbox 796 3533 917 3613; x_wconf 85' lang='lat' dir='ltr'>recenti,</span> 
     </span>
     <span class='ocr_line' id='line_1_29' title="bbox 199 3629 896 3712; baseline 0 -18"><span class='ocrx_word' id='word_1_177' title='bbox 199 3632 297 3694; x_wconf 76' lang='lat' dir='ltr'>i&#39;oeda</span> <span class='ocrx_word' id='word_1_178' title='bbox 311 3630 471 3712; x_wconf 82' lang='lat' dir='ltr'>Lycaoniae</span> <span class='ocrx_word' id='word_1_179' title='bbox 486 3629 615 3692; x_wconf 84' lang='lat' dir='ltr'>reserens</span> <span class='ocrx_word' id='word_1_180' title='bbox 629 3633 764 3694; x_wconf 86' lang='lat' dir='ltr'>convivia</span> <span class='ocrx_word' id='word_1_181' title='bbox 779 3653 896 3708; x_wconf 71' lang='lat' dir='ltr'>mense,</span> 
     </span>
    </p>
   </div>
   <div class='ocr_carea' id='block_1_5' title="bbox 0 0 1292 4242">
    <p class='ocr_par' dir='ltr' id='par_1_21' title="bbox 0 0 1292 4242">
     <span class='ocr_line' id='line_1_30' title="bbox 0 0 1292 4242; baseline 0 0"><span class='ocrx_word' id='word_1_182' title='bbox 0 0 1292 4242; x_wconf 95' lang='lat' dir='ltr'> </span> 
     </span>
    </p>
   </div>
  </div>
 </body>
</html>
