2572 4242
188 437 230 498 ‘28
502 436 847 488 meramoueflosuon

187 572 270 664 Quid
288 589 394 653 faciat?
416 589 541 651 multum
556 587 624 650 coeli
641 601 706 670 post
721 601 803 668 terga
818 587 971 649 relictum:

188 687 269 750 Ante
284 689 384 750 oculos
401 687 466 770 plus
482 701 536 747 est.
581 686 693 746 Animo
709 685 828 756 metitur
841 695 1010 766 utrumque.
1027 721 1037 740 .

188 785 228 846 Et
245 786 343 860 modb,
360 807 432 868 quos
450 784 488 844 illi
505 782 563 845 sato
577 783 747 862 contingere
764 803 821 842 non
838 795 892 856 est,

187 881 334 964 Prospicit
349 903 489 943 occasus:
514 880 659 941 interdum
674 879 789 960 respicit
805 891 894 939 ortus

187 977 329 1062 Quidque
345 994 411 1060 agat
427 979 553 1060 ignarus,
568 991 667 1059 stupet
677 999 688 1038 :·
707 989 737 1037 et
752 997 809 1036 nec
824 975 911 1036 fraena
926 976 1056 1051 remittit,
1103 978 1166 1039 190

187 1075 254 1138 Nec
269 1078 395 1138 retinere
411 1077 506 1138 valet:
530 1097 586 1136 nec
602 1075 721 1136 nomina
736 1073 817 1134 novit
832 1094 986 1155 equorum.

187 1174 295 1257 Sparsa
310 1195 427 1257 quoque
443 1173 473 1235 in
489 1173 570 1234 vario
584 1173 692 1254 passim
707 1171 846 1231 miracula
860 1171 948 1246 coelo,

187 1269 407 1353 Vastarumque
423 1269 504 1330 videt
519 1269 648 1352 trepidus
663 1269 818 1330 simulacra
833 1267 969 1329 ferarum.

229 1367 285 1428 Est
298 1369 390 1443 locus,
405 1365 434 1427 in
450 1366 582 1446 geminos
596 1366 645 1426 ubi
661 1337 780 1426 bracbia
794 1380 937 1426 concavat
952 1387 1034 1429 arcus

188 1464 345 1546 Scorpi0s3
367 1477 397 1526 et
412 1463 510 1526 caudit
525 1463 669 1546 flexisque
684 1464 820 1546 utrinque
836 1464 950 1525 lacertis
1103 1469 1165 1530 195

185 1561 312 1642 Porrigit
327 1563 356 1623 in
371 1562 497 1644 spatium
514 1562 659 1642 signorum
676 1562 808 1622 membra
822 1562 956 1623 duorum.

170 1711 172 1719 .
187 1657 278 1720 Hunc
294 1680 367 1741 puer
380 1672 413 1720 ut
427 1659 501 1742 nigri
516 1657 666 1720 madidum
681 1658 787 1720 sudore
799 1659 905 1720 veneni

188 1754 321 1818 Vulnera
335 1755 457 1817 curvatis
470 1756 653 1818 minitantem
667 1756 790 1838 cuspide
807 1756 895 1832 vidit;

185 1849 298 1915 Mentis
314 1854 408 1935 inops,
424 1852 522 1934 gelidi
537 1852 689 1915 formidine
705 1853 766 1915 lora
779 1854 899 1915 remisit.
1057 1915 1059 1920 .

185 1948 264 2022 Quae
281 1965 437 2034 postquam
451 1973 598 2012 summum
614 1951 737 2033 tetigere
748 1949 878 2034 jacentia
893 1965 1019 2033 tergum,
1100 1955 1164 2016 200

186 2048 399 2131 Exspatiantur
414 2050 501 2132 equi:
524 2049 663 2132 nulloque
680 2049 829 2110 inhibente
846 2070 899 2131 per
913 2071 997 2112 auras

185 2144 296 2226 Ignotae
310 2147 436 2228 regionis
451 2160 541 2222 eunt3
564 2147 681 2229 quique
696 2146 823 2228 impetus
835 2147 905 2227 egit,

189 2240 255 2304 Hie
269 2244 330 2305 sine
345 2244 412 2324 lege
427 2256 513 2305 ruunt
528 2265 535 2304 z
559 2243 676 2324 altoque
691 2244 745 2303 sub
761 2245 868 2304 aetbere
883 2245 949 2306 fixis

185 2335 337 2400 incursant
353 2341 454 2415 stellis,
469 2340 644 2421 rapiuntque
660 2361 713 2420 per
727 2340 791 2400 avia
805 2362 932 2404 currum.

187 2433 228 2496 Et
242 2437 332 2498 modo
347 2458 463 2500 summa
477 2451 592 2519 petunt,
609 2437 697 2497 modii
714 2458 767 2518 per
781 2437 908 2517 decliva,
925 2441 1046 2524 viasque
1099 2443 1164 2505 205

186 2531 357 2615 Praecipites
372 2534 467 2616 spatio
481 2548 564 2596 terrae
580 2534 715 2616 propiore
731 2534 873 2598 feruntur.

186 2627 369 2714 Inseridsque
384 2632 443 2694 suis
458 2631 599 2695 finternos
612 2655 730 2696 currere
746 2633 833 2696 Luna

185 2727 356 2791 Admiratur
370 2752 478 2814 equos:
503 2732 695 2815 ambustaque
710 2733 810 2794 nubila
825 2733 946 2795 sumant.

187 2822 351 2909 Corripitur
365 2828 500 2907 flammiS,
515 2819 548 2892 itt
564 2853 687 2914 quaeque
703 2832 851 2907 altissima,
867 2833 970 2908 tellus;

102 2927 105 2932 '
186 2920 329 3008 Fissaque
346 2928 404 3008 agit
418 2928 515 3004 rimaS,
531 2943 560 2990 et
575 2931 669 2991 succis
686 2945 747 2992 aret
763 2930 919 3012 ademptis.
1099 2934 1164 2996 210

85 3052 87 3064 v
184 3019 301 3082 Pabula
314 3039 491 3086 canescunt:
514 3048 582 3087 curn
598 3025 746 3089 frondibus
762 3028 853 3088 uritur
868 3029 969 3090 arbos:

185 3115 401 3203 Materiemque
417 3143 470 3184 suo
486 3123 595 3204 praebet
610 3144 695 3202 seges
709 3125 790 3185 arida
805 3125 922 3186 damno.

186 3213 284 3277 Parva
299 3238 414 3299 queror.
459 3217 577 3301 Magnae
592 3235 717 3300 pereunt
732 3242 800 3281 cum
816 3224 963 3286 moenibus
977 3223 1081 3284 urbes:

186 3309 326 3395 Cumque
342 3316 400 3375 suis
415 3330 491 3376 totas
506 3315 623 3397 populis
639 3315 773 3376 incendia
788 3332 891 3396 gentes

186 3407 221 3470 ln
236 3410 365 3471 cinerem
381 3424 508 3472 vertunt.
554 3411 641 3472 Silvae
655 3433 724 3472 cum
738 3413 885 3474 montibus
901 3416 1014 3476 ardent.
1058 3485 1061 3491 Δ
1099 3420 1162 3482 215

185 3506 282 3569 Ardet
296 3508 404 3583 Athos,
420 3508 596 3592 Taurusque
612 3507 704 3586 Cilix,
720 3525 750 3572 et
765 3510 900 3585 Tmolus,
916 3525 946 3574 et
961 3511 1055 3590 OEte3

186 3602 229 3666 Et
242 3626 321 3668 nunc
336 3605 425 3682 sicca,
440 3605 520 3689 pribs
534 3607 725 3671 celeberrima
742 3608 880 3687 sontibus,
895 3608 967 3690 Ide;
