2568 4248
206 381 279 486 '174
619 407 625 416 '
648 427 761 480 rrsrr.

213 578 279 644 Sex
292 579 421 659 Runus,
435 579 484 643 hic
498 578 692 643 volucrcsbis
706 600 762 642 sex
777 579 859 644 videt
872 579 996 646 ordine:
1020 592 1114 666 pacto
1155 593 1159 599 ’

255 679 372 744 suec:
395 693 426 744 et
439 677 590 742 arbitrium
605 676 755 740 Romulus
769 677 848 740 urbis
863 677 965 741 habet.
1158 681 1199 744 9]

212 777 298 862 Ape
311 777 376 840 dies
388 777 506 859 legitur,
521 775 581 860 qui
594 775 705 838 moeuia
718 776 815 858 signet
829 789 934 838 aratro.

255 875 347 938 Sacra
360 873 442 938 Palis
456 873 612 936 suberant:
636 873 705 935 iude
720 887 857 936 movetur
870 894 957 958 opus.

213 971 289 1035 lude
304 993 444 1055 premens
458 972 563 1033 stivam
578 969 712 1051 designat
726 969 837 1032 moenia
852 969 952 1033 sulco}

258 1070 338 1132 Alba
347 1068 455 1154 jugum
468 1069 556 1132 niveo
570 1089 638 1130 cum
656 1068 732 1130 bove
749 1089 839 1130 vacca
857 1068 933 1131 tulit.

216 1164 289 1230 Vox
302 1165 357 1230 tuit
371 1167 434 1230 hec
449 1165 560 1248 Regis:
583 1163 765 1241 ‘condenti
779 1164 910 1248 Jupiter,
923 1165 1043 1243 urbem,
1159 1169 1198 1232 95

258 1263 301 1326 Et
314 1264 429 1346 genitor
442 1262 576 1339 Mavors,
592 1261 746 1346 Vestaque
760 1277 866 1340 mater,
880 1262 969 1326 ades:

214 1358 362 1445 Quosque
377 1361 459 1443 pium
474 1374 520 1423 est
533 1359 673 1422 adhibere
688 1359 771 1436 deos,
785 1359 929 1423 advertite
944 1360 1067 1424 cuncti:

257 1458 439 1542 Auspicibus
453 1458 536 1521 vobis
551 1459 608 1521 hoc
623 1457 695 1521 mihi
710 1472 810 1539 surgat
823 1479 910 1541 opus.

213 1553 321 1637 longa
333 1555 372 1618 sit
385 1555 454 1618 huic
468 1569 548 1633 etas,
563 1555 748 1639 domiuaeque
762 1557 895 1638 potentia
908 1571 1011 1620 terra:

257 1652 362 1738 Sitque
376 1651 431 1716 sub
445 1653 503 1716 hic
517 1653 614 1716 oriens
628 1653 828 1738 occiduusque
844 1653 928 1716 dies?
1137 1657 1197 1719 10⁰

215 1749 270 1814 Ille
285 1751 468 1835 precabatur.
511 1749 638 1814 Tonitru
653 1751 735 1813 dedit
748 1749 935 1814 omina'laevo

257 1848 393 1933 Jupiter:
415 1864 446 1913 et
459 1850 534 1912 laero
548 1847 669 1912 firlmina
683 1849 772 1910 missa
786 1849 866 1933 polo.

215 1946 351 2029 Augurio
364 1947 423 2010 laeti
432 1947 547 2032 jaciunt
561 1945 732 2010 fundamina
749 1946 850 2023 cives3

258 2044 302 2108 Et
315 2066 411 2108 novus
425 2045 535 2127 exiguo
549 2058 683 2127 tempore
698 2066 799 2106 murus
815 2058 889 2107 erat.

216 2140 286 2205 Hoc
301 2140 393 2206 Celer
406 2156 492 2224 urget
506 2162 591 2225 opus,
607 2163 696 2226 quem
710 2140 860 2204 Romulus
875 2141 939 2225 ipse
955 2139 1079 2206 vocitat
1086 2162 1097 2220 ς
1135 2143 1196 2206 105

259 2238 414 2322 ‘Siutque,
428 2238 531 2316 Celer,
545 2239 643 2316 curae,’
659 2237 785 2316 dixerat,
800 2239 873 2301 ‘ista
887 2238 967 2302 tua?
1031 2241 1036 2252 '

215 2334 304 2400 Neve
321 2336 385 2419 quis
399 2349 451 2398 aut
465 2357 575 2413 muros,
591 2349 641 2398 aut
655 2333 763 2398 factam
777 2357 898 2398 vomere
912 2335 1023 2400 fossam

257 2431 420 2495 Transeat:
444 2433 603 2494 audentem
618 2433 687 2495 talia
701 2432 777 2494 dede
792 2433 869 2496 neci.

216 2526 308 2601 Quod
324 2527 440 2590 Remus
455 2527 600 2610 ignorans,
617 2529 744 2592 humiles
758 2545 949 2594 contemnere
963 2551 1065 2593 muros

258 2624 380 2712 Coepit:
404 2639 445 2703 et,
461 2625 536 2689 ‘His
550 2626 699 2710 populus‚'
715 2627 824 2705 dicare,
839 2635 938 2690 ‘tutus
954 2627 1042 2691 eriti'
1136 2632 1198 2693 uu

113 2739 120 2752 “
216 2721 284 2787 Nec
298 2744 391 2802 mora,
404 2723 557 2788 transiluit.
601 2723 699 2787 Rutro
713 2724 806 2788 Celer
819 2738 947 2809 occupet
960 2745 1079 2788 ausum.

259 2821 314 2886 Ille
329 2823 437 2907 premit
450 2823 554 2886 duram
568 2822 808 2905 sanguinolentus
822 2824 956 2886 humum.

217 2919 292 2983 Hac
307 2921 357 2983 ubi
371 2920 444 2983 Rex
459 2921 571 2999 didicit,
585 2921 730 3004 lacrymas
744 2921 882 2984 introrsus
895 2921 1013 2984 obortas
1115 3003 1121 3009 .

258 3014 403 3094 Devorat,
417 3031 449 3079 et
462 3019 595 3080 clausum
609 3031 730 3100 pectore
745 3018 851 3080 vulnus
864 3019 964 3082 habet.

215 3111 305 3175 Flere
320 3113 417 3196 pelam
432 3134 491 3174 non
506 3115 579 3190 vult,
593 3116 792 3199 exemplaque
807 3115 892 3178 fortia
905 3130 1024 3179 servat:
1137 3115 1199 3182 115

258 3208 386 3294 ‘Sicque
401 3231 483 3272 meos
498 3233 598 3274 muros
613 3226 741 3276 transeat
755 3213 867 3290 hostis‚’
883 3214 934 3276 ait.

216 3307 279 3372 Dat
292 3322 391 3370 tamen
407 3309 581 3393 exsequias:
603 3331 660 3372 nec
671 3309 733 3395 jam
749 3311 929 3394 suspendere
944 3310 1052 3374 fletum

258 3404 390 3469 Sustinet
399 3426 407 3482 ;
430 3419 460 3466 et
475 3406 569 3488 pietas
584 3407 764 3470 dissimulata
779 3423 871 3491 patet.

216 3503 387 3588 Osculaque
401 3502 542 3588 applicuit
557 3505 653 3588 posito
667 3527 805 3589 suprema
819 3504 943 3569 feretro:

257 3601 360 3688 Atque
375 3601 431 3665 ait:
455 3599 571 3666 ‘Invito
586 3600 674 3666 frater
687 3603 837 3686 adempte,
855 3601 941 3666 vale?
1139 3605 1200 3669 lto
