2568 4248
494 409 606 464 um
621 409 696 460 1111.

104 558 258 624 Prodere:
281 572 313 622 et
327 557 436 624 edidici
448 557 519 643 quid
534 557 646 644 perfida
658 557 751 644 'troja
765 575 891 644 pararet.

104 657 218 720 Omnia
231 657 408 740 cogndrarn:
431 677 501 734 nec,
514 655 594 740 quod
607 656 785 740 spectrlarer,
799 657 963 726 habebam:

104 753 149 818 Et
164 753 224 834 iam
239 753 395 839 praemissai
409 767 542 837 poteram
555 775 625 816 cum
639 754 727 818 laude
741 756 859 820 reverti.

105 849 201 915 Haud
214 865 370 915 contentus
384 851 434 928 ei,
447 851 519 934 petii
534 851 660 914 tentoria
675 851 784 930 Rhesi,

104 947 204 1033 Inque
219 948 278 1010 suis
292 949 389 1031 ipsum
403 947 505 1010 castris
518 948 703 1032 comitesque
718 950 841 1032 peremi.
1020 955 1086 1016 2⁵0

105 1047 213 1131 Atque
227 1046 267 1108 ita
281 1047 401 1130 captivo
416 1046 508 1108 victor
524 1046 657 1131 rotisque
672 1047 794 1129 potitus,

106 1143 261 1225 hgredior
273 1165 360 1206 curru
375 1143 456 1206 letos
472 1143 604 1206 imitame
619 1143 802 1228 triumphos3

107 1238 206 1324 Cujus
221 1261 313 1324 equos
327 1241 455 1324 pretium
470 1261 525 1323 pro
539 1254 626 1303 nocte
642 1255 817 1324 poposcerat
831 1242 934 1308 hostis.

106 1336 204 1399 Arma
218 1351 323 1419 negate
338 1336 428 1400 milri:
451 1335 596 1421 fueritque
611 1337 764 1419 benignior
777 1337 871 1423 Ajax.

152 1434 237 1508 Quid
251 1434 340 1518 Lycii
354 1434 479 1498 referam
493 1433 673 1518 Sarpedonis
687 1436 804 1518 agmina
817 1435 894 1501 ferro
1021 1439 1085 1502 libb

107 1531 274 1594 Devastata
287 1534 376 1594 meo?
399 1529 481 1595 Cum
496 1532 590 1596 multo
604 1532 748 1615 sanguiue
759 1531 819 1596 fudi

107 1627 272 1706 Coeranon,
287 1627 483 1713 Hippasiden,
499 1641 530 1692 et
544 1629 752 1714 Alastoraque,
765 1628 1014 1716 Chromiumque,

106 1725 364 1810 Alcandrumque,
378 1724 572 1811 Haliumque,
585 1722 813 1810 Noemonaque,
828 1725 1042 1813 Prytaninque,

108 1823 272 1908 Exitioque
288 1824 356 1886 dedi
371 1845 441 1886 cum
456 1821 705 1888 Chersidamante
718 1823 858 1901 Thoona,

107 1920 152 1984 Et
168 1921 340 2006 Champen,
355 1917 479 2005 btisque
494 1921 654 1984 immitibus
668 1919 827 1986 Ennomon
844 1935 963 1987 actum:
1022 1923 1087 1985 960

108 2018 233 2103 Quique
247 2019 343 2082 minus
358 2019 492 2082 celebres
505 2020 606 2082 nostri
619 2019 674 2082 sub
689 2019 838 2082 mensus
851 2019 931 2082 urbis

108 2116 301 2180 Procubufre
316 2138 417 2179 manu.
460 2115 537 2180 Sunt
550 2131 582 2179 et
595 2107 668 2180 mibi
683 2117 816 2193 vulnera,
829 2116 922 2194 cives,

107 2212 180 2298 Ipso
194 2214 318 2296 pulchra
331 2214 417 2277 loco:
438 2235 495 2276 neo
509 2214 592 2278 vanis
605 2214 717 2278 credite
735 2209 850 2278 serbis:

107 2311 245 2394 Aspicite
261 2333 298 2372 en
312 2311 334 2374 l’
360 2309 549 2396 (vestemque
564 2333 651 2374 manu
668 2311 795 2398 diducit)
811 2327 854 2389 et,
868 2309 962 2376 ‘Hes
976 2325 1045 2376 sum

108 2409 239 2471 Pectora
252 2408 391 2492 semper,'
407 2407 458 2486 ait,
470 2415 478 2446 ‘
491 2409 594 2472 vestris
608 2409 739 2474 exercita
753 2411 850 2474 rebus.
1022 2409 1088 2473 265

109 2506 153 2570 At
167 2505 237 2568 nihil
254 2505 400 2589 impendit
415 2527 468 2590 per
481 2521 526 2569 tot
539 2505 732 2570 Telamonius
746 2529 839 2571 anuos

109 2603 267 2684 Sanguinis
283 2603 312 2665 in
327 2603 442 2666 socios:
465 2619 496 2666 et
510 2603 600 2666 habet
613 2603 677 2666 sine
691 2605 812 2668 vulnere
825 2625 945 2688 corpus.

153 2699 239 2773 Quid
254 2713 354 2766 tamen
369 2701 426 2764 hoc
441 2699 540 2778 refert,
554 2700 579 2763 si
593 2721 626 2764 se
641 2723 695 2784 pro
709 2702 803 2764 classe
818 2700 948 2783 Pelasga

109 2797 204 2860 Arma
219 2797 319 2858 tulisse
333 2797 422 2860 refert
435 2811 537 2860 contra
551 2797 706 2881 Troasque
719 2797 911 2880 lovemque?

108 2894 335 2978 Confiteorque,
349 2895 434 2958 tulit:
457 2895 648 2979 nequeenim
664 2893 834 2956 benefacta
847 2891 975 2975 maligne
1025 2895 1090 2956 tto

109 2993 289 3054 Detrectare
305 3013 405 3054 meum
422 3005 483 3054 est:
507 2991 560 3054 sed
575 3013 632 3054 nec
645 2991 815 3055 communia
829 2990 908 3054 solus

109 3090 261 3171 Occupet,
277 3103 365 3172 atque
380 3089 508 3172 aliquem
524 3089 606 3152 vobis
620 3109 739 3173 quoque
754 3087 858 3152 reddet
872 3089 1026 3152 bonorem.

109 3185 237 3268 Repulit
252 3186 419 3263 Actorides,
434 3186 489 3249 sub
503 3187 630 3268 imagine
646 3200 725 3248 tutus
740 3185 879 3262 Achillis,

109 3283 208 3347 Triias
223 3285 261 3346 ab
276 3285 381 3346 arsuris
395 3305 466 3347 oum
480 3282 635 3346 defensore
649 3283 766 3346 cannis.

111 3382 231 3444 Ausum
246 3381 336 3444 etiam
352 3379 504 3444 Hectoreo
519 3379 614 3443 solum
628 3399 802 3442 concurrere
817 3377 908 3444 Marti
1028 3379 1092 3440 275

8 3523 10 3554 ,
108 3479 150 3542 Se
165 3493 262 3564 putat,
277 3478 386 3542 oblitus
399 3478 547 3562 regisque,
562 3476 742 3562 ducumque,
756 3476 894 3561 meique;

8 3587 10 3592 '
108 3574 215 3640 Nonus
230 3577 260 3638 in
282 3575 392 3652 officio,
406 3590 437 3639 et
452 3575 588 3658 praelatus
601 3593 724 3636 munere
738 3572 833 3636 sortis.
