2568 4248
524 393 633 446 uene
656 393 731 446 xlll.

1 506 3 510 ’
133 542 269 608 &ras
284 541 424 606 secane
437 543 490 609 m.
534 543 620 610 raet
638 543 713 610 uon
727 546 849 628 ingens:

135 639 318 724 Eventuque
333 643 415 724 gravi
429 642 510 706 finita
523 655 569 706 est
584 642 701 726 publica
714 641 831 708 clades:

136 739 169 801 Si
184 739 265 802 finita
279 752 390 802 tamen.
435 739 497 804 Soli
512 740 583 804 mihi
599 739 747 823 Pergama
760 753 887 806 restant:
1051 743 1115 806 ew

136 834 173 898 ln
187 857 333 920 cursuque
348 858 433 900 meus
448 838 532 902 dolor
545 851 601 901 est.
645 835 741 902 Medd
755 838 887 902 maxirna
899 859 1009 918 mittut,

136 931 201 1002 'l'ot
215 935 330 1016 generis
344 935 478 1020 natisque
493 950 609 1020 potens,
624 936 803 1019 nuribusque
820 936 952 1020 viroque,

136 1028 229 1094 Nunc
243 1032 343 1094 trahor
357 1033 454 1110 exsul,
468 1033 564 1116 inops,
579 1033 698 1097 tumulis
713 1033 815 1096 avulsa
829 1054 974 1112 mentum,

136 1125 299 1212 Penelope
315 1151 440 1194 munus:
464 1151 528 1214 que
544 1151 603 1208 me,
618 1131 688 1194 data
701 1151 795 1214 pensa
809 1131 987 1210 trahentem,

136 1223 284 1289 Metribus
299 1226 458 1290 ostendens
473 1227 593 1306 Ithacis,
609 1235 628 1266 “
639 1226 713 1293 Hec
728 1226 868 1292 Hectoris
882 1229 931 1293 illa
945 1241 1006 1306 est,
1051 1232 1116 1298 ⁵05

137 1322 230 1387 Clara
244 1345 367 1408 parens:
391 1325 454 1390 haec
468 1326 545 1403 est,''
561 1326 651 1403 dicet,
666 1324 846 1390 “Priameia
859 1325 1004 1413 conjux.”
1036 1397 1040 1402 ,

136 1420 271 1506 Postque
285 1435 330 1486 tot
345 1424 466 1488 amissos
481 1437 513 1486 tu
528 1445 618 1502 nuuc,
634 1445 698 1510 que
712 1423 775 1488 sola
788 1423 909 1508 levabas

135 1517 291 1582 Maternus
305 1521 412 1598 luctus,
428 1521 544 1586 hostilis
557 1520 644 1584 busta
659 1520 756 1605 piisti.
771 1561 845 1604 ,s

135 1615 260 1682 Inferias
275 1618 352 1680 hosti
367 1619 481 1703 peperi.
526 1618 601 1694 Qut
614 1619 710 1682 serres
723 1621 822 1684 restol

136 1713 261 1787 Quidve
277 1718 394 1780 moror?
417 1716 477 1803 quti
491 1738 541 1780 me
555 1738 665 1794 servas,
680 1717 821 1782 daumosa
834 1720 993 1784 senccnrtl
1051 1721 1116 1788 51⁰

135 1809 234 1890 Quid,
249 1813 281 1875 di
293 1815 440 1892 crudeles,
455 1816 510 1878 nisi
525 1816 585 1900 quo
599 1836 678 1878 nova
692 1814 796 1878 funera
812 1836 945 1895 cernam,

137 1907 286 1974 Vivecem
301 1911 423 1976 differtis
437 1915 547 1976 anum?
592 1911 671 1986 Quis
686 1933 774 1996 posse
790 1925 906 1996 putaret

1 2095 2 2102 ἵ
134 2005 273 2070 Felicem
289 2007 452 2088 Priamum,
468 2025 535 2094 post
548 2011 644 2074 diruta
658 2009 818 2093 Pergama,
832 2009 911 2076 dici?

135 2103 228 2168 Felix
242 2121 336 2170 morte
351 2109 416 2188 sui,
430 2130 487 2172 noe
501 2123 543 2187 te,
557 2097 626 2172 nica
640 2121 720 2185 neta,
734 2123 921 2194 peremptam
924 2139 935 2205 7

135 2203 286 2287 Adspicit,
303 2221 334 2269 et
349 2207 439 2270 vitam
454 2207 561 2291 pariter
575 2227 758 2290 regnumque
773 2205 901 2291 reliquit.
1051 2210 1115 2276 tte

135 2301 182 2364 At
198 2299 301 2388 (puto)
319 2303 468 2368 funeribus
483 2304 634 2382 dotabere,
649 2305 730 2388 regie
744 2305 845 2388 virgo;

135 2398 352 2486 Condeturque
367 2415 452 2466 tuum
466 2403 663 2466 monumentis
677 2424 785 2487 corpus
805 2403 900 2468 avitis.

134 2496 208 2562 Non
223 2497 286 2562 haec
301 2513 344 2562 est
360 2498 475 2564 fortune
489 2499 606 2563 domirs.
650 2499 721 2564 'libi
735 2521 858 2566 munera
871 2502 972 2568 nanis

135 2597 322 2684 Contingent
336 2597 435 2675 fletus,
451 2597 670 2682 peregrinaeque
686 2598 807 2662 haustus
822 2621 927 2664 arene.
947 2639 974 2660 x

135 2695 249 2759 Omnia
263 2695 455 2780 perdidimus.
501 2695 655 2779 Superest,
665 2718 719 2760 cur
733 2697 833 2760 vivere
848 2713 967 2781 tempus
1051 2700 1116 2764 520

134 2793 171 2856 ln
187 2795 278 2856 breve
293 2795 464 2872 sustineam,
480 2794 577 2879 pmles
592 2793 754 2876 gratissime
767 2795 864 2870 matri,

136 2891 227 2955 Nunc
242 2892 333 2969 solus,
348 2891 497 2976 quendem
512 2893 650 2954 minimus
664 2891 702 2954 de
716 2890 807 2973 stirpe
824 2889 908 2968 virili,

136 2988 202 3052 Hes
218 2989 303 3052 datus
317 2987 439 3052 Ismario
454 2989 515 3073 regi
529 2987 699 3072 Polydorus
715 2986 743 3050 in
758 3008 834 3050 oras.
849 3029 858 3058 .

136 3085 222 3160 Quid
238 3108 336 3150 moror
349 3087 463 3150 interce
475 3087 606 3150 crudelia
622 3085 743 3150 vulnera
757 3085 888 3169 lymph's

136 3185 282 3261 Abluere,
296 3197 327 3246 et
341 3206 457 3268 sparsos
470 3184 576 3246 immiti
589 3184 731 3266 sauguine
746 3183 872 3246 vultusl'
1052 3187 1116 3254 525

179 3281 285 3346 Dixit:
309 3296 339 3345 et
354 3283 392 3345 ad
406 3283 487 3348 littus
502 3303 589 3368 passu
607 3282 747 3365 processit
761 3281 852 3359 euili,¹

135 3381 285 3444 Albentes
299 3381 408 3444 laniata
421 3401 534 3445 comas·
579 3378 689 3455 ‘Date,
700 3367 846 3456 Troedes,
860 3378 986 3459 urnam,’

136 3478 265 3546 Dixerat
280 3477 395 3556 infelix,
409 3479 534 3564 liquidas
548 3477 678 3542 hauriret
691 3490 725 3540 ut
739 3477 849 3542 undas:

136 3577 276 3662 Adspicit
290 3575 421 3663 ejectum
435 3575 578 3658 Polydori
593 3575 622 3638 in
636 3575 733 3640 littore
747 3595 867 3658 corpus,
