2568 4248
518 431 626 482 LIBER
650 431 721 484 XIV.

131 580 199 646 Nec
213 581 308 645 soceri
322 594 484 665 sceptrum,
498 601 555 644 nec
570 595 611 659 te,
625 581 750 646 lavinia
765 583 856 665 virgo,

132 678 195 741 Sed
208 679 314 742 vicisse
329 692 451 761 petunt:
475 679 702 764 deponendique
716 679 830 764 pudore
1064 683 1108 748 60

131 775 221 838 Bella
235 789 350 858 gerunt.
395 774 593 860 Tandemque
610 774 714 839 Venus
728 777 860 840 victricia
872 779 933 842 uati

132 874 228 936 Arma
243 873 339 936 videt:
361 873 542 958 Tumusque
556 874 653 950 cadit3
675 875 754 937 cadit
769 874 881 952 Ardea,
896 873 1002 938 Tumo

134 973 263 1057 Sospite,
278 973 357 1036 dicta
370 987 486 1057 potens.
531 972 634 1047 Quam
649 988 807 1058 postquam
821 975 960 1038 barbarus
974 975 1048 1058 ignis

132 1071 276 1148 Abstulit,
291 1085 321 1135 et
336 1071 439 1155 tepida
453 1072 600 1135 latuerunt
615 1085 695 1135 tecta
709 1070 830 1149 savilld3

133 1167 284 1252 Congerie
298 1190 316 1230 e
331 1169 430 1232 medid
445 1183 507 1232 tum
523 1169 648 1252 primdm
663 1169 780 1252 cognita
794 1191 909 1254 prepes
1066 1171 1110 1235 65

132 1265 288 1344 Subvolat,
304 1278 336 1329 et
348 1267 461 1329 cineres
477 1267 586 1351 plausis
601 1267 754 1331 everberat
768 1268 830 1330 elis.

133 1361 179 1425 Et
192 1385 292 1441 sonus,
307 1376 337 1426 et
352 1363 471 1442 macies,
486 1378 517 1427 et
531 1365 635 1448 pallor,
651 1378 681 1427 et
696 1366 805 1442 omnia,
820 1377 938 1449 captum

133 1459 214 1533 Quae
230 1461 356 1524 deceant
369 1462 484 1539 urbem,
499 1482 607 1524 nomen
623 1483 741 1547 quoque
756 1463 862 1526 mansit
876 1462 905 1526 in
920 1460 972 1526 illd

132 1556 242 1620 Urbis:
265 1572 296 1622 et
311 1559 375 1642 ipsa
389 1561 448 1621 suis
462 1558 648 1643 deplangitur
662 1559 764 1622 Ardea
780 1560 893 1644 pennis.

176 1654 305 1740 Jamque
321 1656 392 1719 deos
407 1677 521 1733 omnes,
536 1656 689 1741 ipsamque
705 1657 815 1720 AEneia
830 1657 921 1720 virtus
1066 1657 1110 1718 70

132 1752 286 1815 ,lunonem
302 1766 417 1828 peteres
431 1753 513 1815 finire
528 1757 667 1834 coegerat
681 1753 754 1816 iras:

133 1847 227 1926 cum,
242 1850 319 1912 bene
336 1849 463 1913 fundatis
477 1850 582 1934 opibus
596 1852 756 1914 crescentis
770 1850 838 1928 Iuli,

132 1945 347 2030 Tempestivus
361 1961 423 2010 erat
437 1947 516 2011 coelo
531 1946 713 2031 Cythereius
727 1949 832 2025 heros;
852 1951 856 1960 '

133 2043 350 2127 Ambieratque
366 2043 470 2107 Venus
484 2065 624 2128 superos:
646 2045 783 2129 colloque
798 2046 927 2129 parentis

134 2138 324 2204 Circumfusa
339 2141 394 2218 sui,
410 2140 589 2225 ‘Nunquam
611 2140 704 2216 mihi,’
721 2142 847 2221 dixerat,
863 2142 942 2208 ‘ullo
1069 2143 1113 2208 75

132 2237 288 2322 Tempore
304 2238 376 2301 dure
390 2253 485 2322 pater,
499 2261 578 2302 nunc
593 2240 632 2302 sis
646 2239 814 2304 mitissimus
828 2262 899 2319 oro;

133 2335 300 2419 AEneaeque
314 2357 394 2413 meu,
410 2337 460 2420 qui
475 2350 505 2399 te
521 2336 558 2398 de
572 2337 713 2420 sanguiue
728 2352 827 2400 nostro

134 2431 222 2495 Fecit
237 2453 337 2510 avum,
352 2434 485 2516 quamvis
500 2455 635 2517 parvum,
650 2435 712 2512 des,
727 2435 851 2519 optime,
865 2455 995 2514 numen3

134 2529 310 2592 Dummodo
325 2531 377 2593 des
392 2531 521 2615 aliquod.
566 2529 643 2594 Satis
657 2545 703 2594 est
717 2533 873 2596 inamabile
887 2553 1011 2616 regnum

133 2627 321 2710 Adspexisse
337 2628 440 2704 semel,
456 2628 575 2712 Stygios
590 2630 683 2692 semel
697 2629 754 2692 isse
769 2650 823 2713 per
837 2628 959 2692 amnes?
1068 2629 1113 2696 80

133 2720 388 2788 Adsensere'dei:
412 2741 468 2788 nec
483 2724 594 2809 conjux
608 2726 689 2808 regia
703 2727 801 2788 vultus

133 2821 278 2884 Immotos
293 2823 397 2900 tenuit,
412 2823 588 2907 placatoque
604 2823 706 2885 annuit
720 2843 781 2885 ore.

132 2916 216 2979 Tum
232 2930 326 3000 pater,
343 2917 463 2994 ‘Esusss
479 2919 530 2994 ait,
545 2917 678 2980 ‘coelesti
693 2937 815 2979 munere
830 2916 921 2998 digni,

133 3013 275 3099 Quaque
290 3015 377 3098 petis,
393 3035 447 3098 pro
461 3036 580 3099 quoque
595 3015 689 3100 petis:
712 3035 803 3097 cape,
814 3027 892 3092 nata,
908 3013 988 3100 quod
1003 3016 1118 3101 optas.’·

175 3111 272 3175 Fatus
288 3125 360 3175 erat.
405 3111 537 3189 Gaudet,
552 3125 708 3197 gratesque
723 3112 782 3194 agit
796 3112 846 3175 illa
860 3112 991 3196 parenti:
1070 3115 1140 3197 85,
1252 3157 1259 3168 ·

133 3209 254 3295 Perque
270 3210 352 3272 leves
367 3232 452 3272 auras
462 3209 572 3294 junctis
587 3209 704 3272 invecta
718 3210 862 3272 columbis

133 3307 232 3370 Littus
247 3308 308 3370 adit
323 3307 476 3384 Laurens;
498 3307 547 3369 ubi
563 3321 658 3369 tectus
673 3307 814 3370 amndine
829 3308 920 3391 serpit

133 3405 168 3467 ln
183 3405 260 3468 sreta
275 3404 421 3468 flumineis
436 3405 532 3468 vicina
547 3402 702 3468 Numicius
717 3403 813 3466 undis.

133 3502 225 3566 Hunc
237 3502 325 3588 jubet
339 3501 456 3580 AEneae,
471 3523 654 3586 quecunque
668 3501 798 3564 obnoxia
812 3501 909 3578 morti,

133 3598 287 3678 Abluere;
309 3613 340 3664 et
354 3600 444 3664 tacito
457 3597 571 3662 deserte
586 3598 641 3662 sub
657 3619 774 3683 aequora
787 3617 885 3692 cumn.
1071 3597 1115 3662 ω

440 3697 507 3759 12*
