2572 4242
197 411 241 472 ὅθ
514 413 861 466 umamomfloesort

197 565 332 630 Cadmus
346 565 397 643 ait,
412 563 535 642 ‘brerit3
557 580 632 643 tum,
645 564 716 628 clun
730 564 842 628 Sidone
857 562 1006 650 profectos

198 661 345 754 Vipereos
359 663 450 748 sparsi
466 685 520 747 per
534 664 670 740 humum,
684 685 761 726 nova
776 663 899 738 semina,
915 663 1041 728 dentes?

197 759 301 836 Queru
315 761 339 824 si
353 783 425 824 cura
439 762 530 824 dedru
544 776 604 824 tarn
619 762 702 824 certi
716 760 846 822 vindicat
865 761 918 836 ira,

197 857 266 940 lpse
283 858 387 940 precor
400 879 523 940 serpens
537 858 566 920 in
581 858 700 939 longam
716 857 845 940 porrigar
859 857 981 918 alvum?
1117 861 1183 921 235

197 953 302 1018 Dixit:
325 971 367 1033 et,
381 970 414 1018 ut
428 977 561 1039 serpens,
576 956 606 1018 in
620 955 739 1037 longam
754 954 884 1016 tenditur
898 955 996 1016 alvum
1006 977 1015 1032 ;
1022 974 1034 1026 s

197 1052 379 1139 Durataque
392 1053 454 1117 cuti
468 1074 605 1138 squamas
619 1053 783 1115 increscere
798 1052 897 1128 sentit,

196 1149 349 1236 Nigraque
363 1152 495 1215 oaemleis
511 1150 613 1214 variari
627 1171 750 1233 corpora
767 1149 873 1231 guttis:

196 1248 232 1312 ln
247 1264 411 1333 pectusque
424 1249 504 1312 eadit
519 1269 646 1332 pronus:
668 1248 884 1330 commissaque
900 1247 1036 1310 inunum

195 1345 344 1409 Paulatim
359 1347 446 1410 tereti
460 1346 612 1409 sinuantur
626 1345 762 1408 acumine
777 1365 873 1407 crura.
1113 1347 1179 1410 240

195 1443 324 1509 Brachia
334 1445 398 1531 jam
411 1459 539 1509 restant:
562 1466 627 1530 quae
641 1457 763 1520 restant,
778 1444 897 1506 brachia
910 1444 1004 1506 tendit
1012 1465 1021 1522 ;

195 1540 237 1605 Et
252 1544 389 1627 lacrymis
403 1564 457 1628 per
470 1543 567 1606 adhuc
581 1543 712 1605 humana
726 1541 884 1604 fluentibus
899 1562 960 1618 ora,

195 1639 352 1719 ‘Accede,
366 1663 386 1704 o
399 1640 521 1726 conjux,
536 1641 658 1716 aceede,
672 1638 855 1715 miserrima,'
872 1639 964 1702 dixit:

194 1735 357 1822 ‘Dumque
372 1739 481 1821 aliquid
495 1751 630 1821 superest
644 1738 683 1800 de
697 1759 758 1814 me,
772 1758 821 1800 me
836 1750 935 1818 tange,
950 1757 1132 1822 manumque

194 1834 322 1919 Accipe,
337 1835 408 1898 dum
422 1857 528 1900 manus
543 1850 606 1913 est3
629 1836 701 1897 dum
715 1857 774 1897 non
790 1847 885 1896 totum
901 1848 1028 1918 occupat
1047 1834 1175 1917 anguis!

197 1931 251 1995 llle
266 1933 387 2018 quidem
402 1933 465 1996 vult
480 1933 564 2016 plura
578 1933 676 2018 loqui:
698 1932 752 1996 sed
767 1932 867 2014 lingua
880 1931 1005 2013 repente
1110 1933 1176 1996 246

193 2027 228 2092 ln
244 2047 342 2114 partes
357 2046 403 2095 est
416 2031 483 2094 fissa
498 2031 581 2094 duas.
625 2029 693 2094 Nee
708 2031 798 2093 verba
812 2029 923 2092 volenti

193 2127 367 2193 Sufficiunt:
391 2130 565 2214 quotiesque
580 2128 692 2213 aliquos
706 2142 791 2212 parat
806 2127 894 2189 edere
910 2141 1042 2210 questus,

193 2225 315 2289 Sibilat:
338 2227 415 2288 hane
430 2226 470 2289 illi
486 2247 591 2288 vocem
606 2225 720 2288 Natura
733 2226 881 2309 relinquit.

192 2319 285 2382 Nuda
299 2343 388 2384 manu
404 2321 520 2397 seriens,
535 2321 695 2398 exclamat,
710 2337 841 2404 pectora,
855 2321 978 2408 conjux,
1108 2325 1176 2390 250

192 2415 340 2495 ‘cauma
355 2439 459 2481 mane:
483 2433 573 2502 teque
588 2419 644 2495 his,
659 2418 771 2496 infelix,
786 2441 865 2482 exue
880 2421 1026 2485 monstris.

191 2513 321 2593 Cadme,
346 2516 417 2599 quid
442 2517 524 2579 hoe?
557 2515 607 2578 ubi
632 2519 710 2600 pes?
739 2517 790 2581 ubi
815 2531 883 2580 sunt
908 2519 1083 2603 humerique
1108 2539 1174 2582 ma·

319 2615 456 2697 nusque?

190 2709 233 2774 Et
247 2710 338 2789 color,
353 2726 385 2775 et
398 2710 497 2790 iacies,
513 2725 553 2790 et,
568 2711 638 2775 dum
654 2713 768 2797 loquor,
782 2713 902 2776 omnia?
945 2713 1011 2777 Cur
1024 2735 1085 2776 non

189 2807 245 2873 Me
261 2831 390 2896 quoque,
404 2811 554 2889 caelestes,
570 2812 598 2874 in
613 2812 739 2874 eandem
758 2810 867 2873 vertitis
882 2811 1043 2894 anguemi'

191 2905 328 2972 Dixerat.
371 2907 427 2972 llle
441 2931 501 2972 suae
515 2911 663 2972 lambebat
677 2908 810 2995 conjugis
825 2928 892 2971 ora:
980 2969 986 2980 ,
1032 2979 1035 2984 ,
1106 2911 1172 2974 255

189 3001 285 3087 inque
299 3005 379 3067 sinus
392 3027 486 3081 caros,
502 3006 593 3067 veluti
607 3021 810 3088 cognosceret,
825 3007 903 3084 ibat;

189 3097 232 3162 Et
246 3099 334 3163 dabat
349 3101 524 3181 amplexus;
547 3102 727 3186 adsuetaque
742 3105 817 3167 colla
833 3105 965 3190 petebat.

189 3194 334 3279 Quisquis
349 3193 589 3282 adest-(aderant
602 3199 741 3284 comites)
760 3214 893 3266 terretur.
938 3203 982 3265 At
996 3201 1061 3265 illos

191 3292 319 3356 Lubrica
333 3292 518 3377 permulcent
531 3293 640 3355 cristati
655 3294 731 3356 colla
746 3295 900 3376 dracones,
1090 3303 1093 3308 '

188 3389 230 3455 Et
244 3390 341 3454 subitd
356 3389 416 3452 duo
430 3402 516 3466 sunt3
533 3388 698 3473 junctoque
713 3392 862 3452 volumine
877 3410 1017 3478 serpuut3
1105 3400 1172 3466 260

187 3487 297 3554 Donec
312 3488 341 3552 in
356 3485 481 3571 adpositi
495 3487 623 3550 nemoris
637 3487 753 3550 subiere
772 3488 908 3551 latebras.
