2568 4248
537 373 713 434 ΕΡΙΒΤΟΙΛ
738 381 759 432 l.

156 531 221 596 Nos
235 532 348 616 Pylon,
362 531 475 617 uutiqui
490 531 600 596 Neleia
613 529 749 596 Nettoris
762 553 844 610 am,

198 629 354 694 Misimus:
378 632 490 694 incerte
504 646 551 694 est
564 628 644 694 lema
656 631 778 694 remisea
793 628 884 714 Pylo.

154 725 294 792 Misimus
308 747 340 793 et
354 729 500 814 Sparten:
525 728 632 813 Sparte
648 749 767 814 quoque
782 727 882 792 nescia
897 728 970 794 veri.

199 826 285 901 Ques
300 828 414 891 habitas
429 841 531 904 terrm,
546 841 598 890 aut
612 828 663 891 ubi
677 827 775 890 lentus
789 827 881 890 abes?
1094 827 1138 896 60

155 923 266 988 Utilitis
280 938 392 990 starent
406 926 497 988 etium
511 947 591 988 nunc
606 925 718 990 muenia
734 923 856 990 Phoebi.

200 1021 328 1108 (Irascor
342 1023 418 1086 rotis
434 1025 493 1086 beu
507 1023 582 1086 levis
596 1023 660 1108 ipsa
675 1023 749 1086 meis
761 1021 785 1107 l)

154 1117 270 1183 Scirem
285 1121 336 1184 ubi
351 1139 516 1204 pugnares3
537 1134 569 1184 et
584 1122 698 1184 tandm
713 1120 792 1184 bella
806 1120 963 1199 timerem

197 1217 239 1281 Et
252 1240 322 1280 mee
335 1240 405 1281 cum
420 1218 520 1282 multis
530 1217 637 1303 juncte
650 1218 772 1303 querele
785 1217 871 1282 soret.

154 1313 239 1389 Quid
254 1317 375 1380 timeam
389 1317 509 1398 ignoro:
532 1317 624 1380 timeo
638 1330 737 1380 umen
751 1317 851 1380 omniu
865 1316 1006 1384 demetur
1090 1321 1136 1388 65

196 1413 238 1476 Et
255 1427 335 1497 patet
349 1415 378 1478 in
393 1437 479 1478 curas
493 1435 562 1478 aree
575 1414 635 1478 leta
649 1434 742 1478 meae

154 1511 353 1597 Quocunque
368 1535 468 1598 equor
481 1513 582 1590 habet,
598 1533 782 1598 quecunque
796 1513 930 1598 pericula
942 1513 1041 1594 tellite,

195 1609 276 1672 Tam
290 1611 384 1695 longe
398 1633 502 1675 careas
516 1610 651 1695 suspicor
664 1631 731 1676 esee
744 1631 844 1676 more.

152 1706 228 1771 Haec
243 1729 300 1792 ego
314 1710 386 1772 dum
400 1711 489 1773 stulte
505 1709 631 1772 meditor
648 1707 728 1795 (qute
743 1723 841 1774 vestra
854 1709 945 1774 libido
959 1709 1020 1796 ert)

195 1805 272 1870 Esse
288 1809 444 1891 peregrino
457 1821 562 1892 captus
577 1829 678 1870 amore
693 1819 791 1891 poten.
1090 1810 1134 1874 70

151 1903 288 1968 Forsitan
303 1919 334 1969 et
349 1927 457 1982 narres,
472 1907 563 1990 quim
576 1905 615 1969 sit
628 1905 681 1969 tibi
694 1904 803 1968 metica
815 1903 946 1991 conjux3

196 2002 275 2077 Quae
290 2005 405 2068 tuntum
415 2005 496 2067 lanas
511 2025 570 2067 non
584 2003 659 2068 sinet
674 2023 740 2066 esse
754 2003 854 2066 mdes.

151 2099 269 2178 Pallan
292 2117 322 2166 et
337 2103 395 2165 hnc
409 2101 521 2166 crimen
536 2117 643 2166 moues
656 2115 796 2164 amoenet
810 2101 840 2164 in
854 2121 959 2166 auru:

194 2199 293 2278 Neve,
307 2201 475 2263 revertendi
489 2201 574 2278 liber,
589 2200 693 2263 :bem
709 2198 792 2262 velie.

149 2296 205 2360 Me
222 2312 307 2382 pater
321 2297 431 2361 Icarius
446 2299 536 2362 viduo
551 2298 703 2362 discedere
717 2297 797 2362 lecto
1087 2297 1132 2364 'ib

193 2395 295 2479 Cogit,
310 2412 341 2459 et
355 2397 513 2459 immensas
529 2397 660 2480 increpat
675 2417 771 2480 usque
785 2417 893 2460 morae.

148 2494 290 2579 Increpet
304 2517 397 2580 usque
412 2496 499 2558 licet:
520 2509 573 2558 tua
587 2516 664 2571 sum,
679 2509 730 2559 tua
744 2494 826 2558 dicer
841 2509 959 2580 oportet

192 2593 366 2677 Penelope:
389 2593 500 2678 conjux
514 2615 633 2676 semper
647 2592 765 2676 Ulyesis
779 2615 841 2657 ero.

147 2690 204 2753 Ille
221 2705 321 2754 temen
339 2693 449 2775 pietate
464 2691 533 2754 meti
547 2692 744 2775 precibusque
759 2691 874 2774 pudicis

191 2787 360 2870 Frangitur,
376 2804 407 2853 et
423 2789 498 2852 vires
512 2801 659 2874 temperat
672 2789 736 2872 ipae
750 2810 829 2852 suas.
1086 2789 1131 2854 ω

148 2887 293 2964 Dulichii,
306 2887 469 2971 Samiique,
483 2903 525 2965 et,
540 2909 614 2972 quos
628 2887 695 2949 tulit
709 2886 768 2948 elta
783 2884 969 2968 Zacynthos,
1066 2901 1072 2910 '

189 2985 296 3050 ,Turba
310 2999 398 3048 ruunt
413 2986 442 3048 in
457 3007 506 3048 me
521 2984 682 3061 luxuriosa,
698 2983 797 3068 proci:

150 3083 243 3167 loque
258 3085 311 3146 tud
324 3097 457 3166 regnant,
472 3083 558 3146 nullis
573 3082 806 3167 prohibentibus,
820 3080 898 3146 aute.

192 3180 318 3245 Viscera
332 3196 441 3258 nostra,
455 3195 512 3244 tuat
529 3181 706 3246 dilaniantur
718 3201 803 3264 opes.

147 3278 233 3353 Quid
248 3281 300 3342 tibi
315 3279 504 3355 Pisandmm,
520 3277 743 3362 Polybumque,
757 3277 964 3364 Medontaque
979 3277 1085 3357 dum,

191 3377 436 3461 Eurymachique
452 3377 562 3453 avidas,
579 3376 762 3461 Antinoique
776 3397 892 3453 manue,
1085 3374 1129 3438 ὦ

146 3475 251 3559 Atque
265 3474 490 3551 alios'reseram‚
506 3496 580 3558 quos
593 3495 698 3538 munes
713 3475 837 3558 turpiter
850 3474 957 3538 msam

190 3572 259 3658 lpse
275 3587 327 3637 tuo
342 3573 432 3657 partis
446 3573 587 3654 sanguim
602 3573 689 3636 rebus
704 3573 780 3638 elis?
