2572 4242
196 441 237 504 10
516 431 866 490 uerrucaruoseon

193 591 267 668 Quo
282 611 373 670 mare,
388 611 448 675 quo
462 589 562 662 tellus,
575 599 768 671 correptaque
783 583 863 664 regia
877 582 946 648 coeli

191 690 324 766 ,Ardeat3
347 704 377 757 et
392 684 494 750 mundi
508 685 602 750 moles
616 704 740 766 operosa
753 682 877 744 laboret.

191 787 270 850 Tela
284 799 474 870 reponuntur,
488 783 621 846 manibus
637 780 776 844 fabricata
790 777 973 862 Cyclopum.

196 884 290 948 Poena
305 885 403 967 placet
419 883 545 956 diversa,
559 899 652 961 genus
667 878 789 940 mortale
804 877 859 943 sub
874 875 961 941 undis
1107 877 1177 943 &0

196 982 334 1060 Perdere,
350 996 380 1044 et
395 1002 435 1044 ex
450 979 529 1045 omni
545 977 660 1040 nimbos
674 975 821 1038 dimittere
835 975 924 1038 coelo.

196 1080 331 1148 Protinus
345 1079 451 1143 AEoliis
466 1077 647 1160 Aquilonem
661 1073 771 1139 claudit
785 1073 814 1136 in
829 1072 927 1148 anuis,

196 1177 235 1248 Et
249 1198 431 1263 quacunque
447 1175 548 1256 sugant
562 1173 695 1235 inductas
710 1170 831 1232 flamina
844 1171 953 1234 nubes:

197 1275 369 1359 Emittitque
385 1273 509 1334 Notum.
553 1268 683 1332 Madidis
698 1267 795 1332 Notus
810 1267 909 1333 evolat
927 1267 999 1344 ulis3

194 1372 371 1434 Terribilem
387 1369 474 1453 picea
487 1381 584 1432 tectus
598 1367 723 1448 caligine
739 1366 864 1431 vultum.
1107 1367 1173 1435 265

194 1468 295 1530 Barba
308 1467 404 1550 gravis
418 1466 541 1541 nimbis3
563 1465 644 1528 canis
659 1464 724 1529 fluit
738 1463 818 1529 unda
831 1463 962 1546 capillis:

194 1563 306 1635 Fronte
320 1564 425 1628 sedent
439 1563 570 1626 nebule:
593 1575 690 1626 rorant
704 1583 877 1645 pennaeque,
893 1563 1042 1646 siumquer

193 1660 296 1746 thue
311 1683 400 1727 manu
415 1659 476 1724 lata
490 1659 649 1744 pendentia
662 1659 764 1722 nubila
776 1659 900 1742 pressit;

193 1759 244 1822 Fit
259 1759 369 1842 fragor:
393 1759 461 1822 hinc
476 1759 560 1820 densi
575 1747 736 1820 funduntur
749 1758 786 1821 ab
801 1757 909 1823 ethere
925 1755 1027 1826 nimbi.

193 1855 307 1919 Nuntia
322 1856 340 1918 J
344 1857 457 1932 monle,
473 1856 568 1918 varios
583 1855 684 1918 induta
698 1855 823 1932 colores,
1107 1855 1171 1922 2710

193 1952 335 2038 Concipit
351 1953 404 2017 lris
419 1975 520 2039 aquas,
536 1953 732 2036 alimentaque
748 1952 873 2014 nubibus
888 1951 983 2015 affert.

193 2051 369 2115 Sternuntur
382 2068 509 2135 segetes,
521 2066 551 2114 et
566 2051 718 2135 deplorata
731 2049 829 2113 coloni

195 2148 275 2212 Vota
286 2150 406 2236 jacent3
428 2151 567 2234 longique
581 2149 663 2212 labor
678 2149 753 2232 perit
767 2148 861 2210 irritus
876 2147 955 2209 anni.
970 2195 975 2216 ,

217 2246 302 2310 uNec
316 2251 394 2311 coelo
408 2264 548 2311 contenta
562 2269 616 2308 suo
630 2245 713 2312 lovis
730 2247 787 2309 ira:
811 2247 864 2308 sed
879 2245 961 2308 illurn

193 2341 346 2407 Caeruleus
360 2345 448 2406 frater
458 2345 544 2429 juvat
558 2342 746 2406 auxiliaribus
760 2345 857 2407 undis.
1105 2345 1168 2407 ms

193 2439 349 2504 Convocat
364 2442 413 2507 hic
428 2462 539 2503 amnes.
584 2440 649 2514 Qui
664 2457 820 2526 postquam
835 2455 915 2507 tecta
929 2440 1050 2526 tyranni.

194 2536 345 2600 lntravere
359 2538 414 2614 sui,
430 2536 518 2600 ‘Non
534 2551 579 2603 est
594 2539 758 2602 hortamine
774 2539 862 2622 longo

193 2632 302 2712 Nunc,’
318 2637 368 2713 ait,
384 2635 561 2700 ‘utendum:
585 2637 661 2702 vires
676 2637 817 2703 effirndite
833 2651 955 2703 vestras.

193 2729 243 2794 Sic
258 2753 332 2815 opus
348 2748 410 2796 est:
434 2736 545 2818 aperite
561 2735 681 2800 domos:
704 2757 750 2814 ac,
765 2735 844 2798 mole
858 2735 997 2813 remotd‚'

192 2827 378 2894 Fluminibus
393 2833 494 2896 vestris
509 2848 585 2899 totas
599 2834 747 2897 immittite
761 2832 914 2897 habenas!
1106 2835 1168 2904 280

192 2924 336 2989 Jusserat.
381 2927 424 2992 Hi
438 2931 573 3006 redeunt,
588 2953 623 2993 ac
636 2931 765 2995 sontibus
779 2952 830 2994 ora
843 2931 988 3008 relaxant,

192 3021 236 3088 Et
251 3023 409 3085 desraenato
424 3026 581 3088 volvuntur
594 3027 623 3089 in
638 3049 755 3110 equora
769 3050 868 3092 cursu.

192 3118 261 3202 lpse
276 3119 402 3183 tridente
417 3141 470 3186 suo
484 3135 591 3187 terram
605 3125 763 3205 percussit:
788 3138 818 3188 at
833 3126 882 3188 illa

194 3215 363 3306 Intremuit,
375 3231 516 3300 motuque
531 3218 611 3282 sinus
625 3220 932 3307 patefecitaquarum.

193 3310 371 3395 Exspatiata
384 3327 472 3376 ruunt
482 3335 540 3401 per
553 3331 669 3400 apertos
683 3316 805 3382 flumina
822 3341 962 3404 campum
1104 3322 1166 3384 &5

192 3408 333 3494 Cumque
348 3411 416 3473 satis
431 3409 547 3476 arbusta
565 3413 661 3492 simul,
676 3417 877 3501 pecudesque,
893 3418 1039 3502 virosque,

192 3507 360 3592 Tectaque,
375 3529 502 3593 cumque
518 3510 577 3579 suis
590 3513 706 3595 rapiunt
721 3516 882 3598 penetralia
895 3517 995 3584 saone.

193 3605 224 3666 Si
240 3627 297 3688 qua
312 3605 417 3671 domus
428 3608 548 3684 mansit,
562 3610 714 3696 potuitque
729 3613 862 3680 resistere
877 3627 960 3680 tanto
