2568 4248
201 441 247 511 ao
520 439 870 505 narnuonrnusnou

202 603 331 670 Suscita
345 603 516 680 hesternum
538 595 671 687 follisque
687 612 717 666 at
731 601 842 666 eunice
857 601 937 667 scen

201 699 231 766 N
234 701 320 778 utrit3
342 715 373 764 et
388 701 425 764 ad
440 699 574 764 flatumas
588 714 606 763 a
620 701 701 788 nima
715 700 850 784 producit
865 701 949 766 anili:

200 797 422 884 Multifidasque
436 795 526 874 laces,
541 796 719 882 ramaliaque
733 798 815 860 arida
830 811 911 864 tecto

201 897 329 975 Detulit,
345 911 375 960 et
389 897 504 973 minuit,
520 909 670 979 parvoque
685 895 817 958 admovit
834 899 937 962 aino..

201 993 354 1078 Quodque
369 1015 439 1056 suus
453 993 563 1078 conjux
578 993 660 1074 riguo
675 993 835 1074 collegerat
849 993 945 1070 horto,

200 1090 333 1155 Tmncat
347 1091 411 1154 olus
426 1090 511 1154 soliis.
556 1089 657 1152 Fures
670 1090 749 1153 levat
764 1091 813 1153 ille
828 1091 940 1154 bicorni

201 1188 326 1252 Sordida
340 1203 422 1270 terga
436 1188 506 1264 suis,
520 1187 603 1269 nigro
617 1187 778 1271 pendentia
790 1187 891 1270 tigno:

200 1285 384 1370 Servatoque
399 1285 449 1347 diu
464 1299 577 1347 resecat
592 1285 629 1346 de
645 1298 759 1367 tergore
776 1299 891 1369 partem

201 1381 369 1464 Exiguam
391 1396 561 1466 sectamque
577 1383 676 1446 domat
691 1381 870 1448 serventibus
884 1384 981 1448 undis.

241 1476 359 1540 Interea
373 1479 486 1541 medias
501 1476 604 1541 fallunt
617 1480 801 1542 sermonibus
816 1481 919 1543 horas:

200 1574 367 1658 Sentin'que
382 1593 494 1638 moram
507 1573 676 1658 prohibent.
721 1565 795 1639 Erat
809 1577 911 1640 alveus
926 1571 986 1641 illir-

199 1671 360 1754 Faginus,
375 1673 467 1734 curva
480 1673 566 1735 clavo
578 1692 741 1755 suspensus
756 1674 793 1736 ab
807 1673 896 1737 ansa:

199 1763 228 1833 ls
243 1770 349 1854 tepidis
364 1769 503 1854 impletur
517 1771 598 1854 aquis
612 1791 619 1847 ;
642 1783 780 1855 artusque
795 1765 939 1834 fovendos

126 1908 129 1917 ·
199 1868 330 1952 Accipit.
375 1867 409 1930 ln
425 1867 523 1932 medio
536 1882 617 1931 ‘torus
632 1882 678 1930 est
693 1867 730 1930 de
745 1869 882 1931 mollibus
896 1869 971 1933 ulvis

199 1965 357 2050 Impositos
371 1967 460 2044 lecto,
474 1965 591 2050 ¹spondi
606 1965 789 2050 pedibusque
804 1966 931 2050 salignis·
940 2009 986 2022 .-

201 2062 342 2138 Vestlbus
357 2063 436 2127 bunc
448 2065 558 2140 velant,
568 2079 642 2148 quas
654 2077 716 2125 'non
731 2063 785 2128 nisi
800 2077 935 2148 tempore
949 2055 1027 2129 sesto
1117 2065 1119 2074 ‘

200 2161 338 2225 Sternere
353 2163 545 2225 consuerant:
569 2162 620 2224 sed
637 2173 667 2224 et
687 2161 750 2224 bec
764 2161 888 2246 vilisque
903 2176 1049 2250 vetusque

200 2256 301 2323 Vestis
316 2274 388 2336 erat,
403 2261 480 2322 lecto
495 2275 553 2322 non
568 2259 747 2342 indignanda
760 2259 883 2342 saligno.

199 2357 379 2420 Adcubudre
395 2356 453 2417 dei.
499 2352 637 2418 Mensam
652 2357 801 2419 succincta
817 2369 1005 2442 tremensque

178 2470 182 2479 ·
198 2452 289 2515 Ponit
303 2439 385 2514 anus.
430 2449 544 2516 Mensae
559 2454 611 2516 sed
627 2468 690 2516 erat
706 2471 759 2537 pes
777 2454 878 2516 tertius
893 2455 1004 2538 impar:

199 2549 293 2611 Testa
308 2570 409 2632 parem
424 2547 503 2612 secit.
549 2547 628 2622 Qua
645 2565 800 2635 postquam
816 2551 931 2616 subdita
945 2553 1058 2616 clivum

199 2646 341 2724 Sustulit3
364 2660 506 2731 equatam
521 2664 628 2712 mentae
644 2651 754 2718 tersere
770 2651 908 2712 virentes.

196 2739 323 2809 ¹Ponitur
337 2745 385 2808 hic
399 2746 511 2808 bicolor
524 2747 643 2810 sincere
657 2747 749 2814 bacca
764 2740 918 2824 Minerva,

198 2843 387 2928 Conditaque
402 2844 431 2907 in
446 2845 559 2928 liquida
572 2863 663 2908 corna
678 2845 857 2907 autumnalia
871 2844 953 2922 fece,

198 2940 374 3026 lntubaque,
389 2956 419 3003 et
433 2943 528 3019 radii,
543 2956 573 3006 et
587 2944 671 3007 lactis
686 2963 782 3005 massa
796 2943 910 3020 coacti;
994 3024 998 3030 Ι

197 3037 336 3122 Ovaque,
352 3059 410 3098 non
426 3040 484 3099 acri
499 3037 604 3101 leviter
618 3053 733 3102 versata
749 3039 849 3102 lavdld
860 3062 894 3122 γ’
910 3047 923 3060 ’

197 3135 308 3198 Omnia
321 3135 466 3197 fictilibus.
511 3133 662 3197 Posthac
677 3138 796 3199 caelatus
811 3138 918 3201 eidem

106 3270 109 3274 ’
196 3235 315 3298 Sistitur
329 3233 431 3314 argilla
445 3248 540 3296 crater
549 3254 556 3308 ;
581 3233 778 3318 fabricataque
794 3237 861 3318 sago

198 3332 322 3408 Pocula,
338 3331 398 3413 qud
411 3351 485 3393 cava
499 3311 567 3392 sunt
581 3329 757 3393 flaventibus
772 3333 843 3395 illita
858 3335 944 3396 ceris.

241 3429 338 3493 Parva
352 3447 434 3489 mota
448 3441 511 3504 est3
529 3427 694 3510 ‘epulasque
710 3427 766 3490 loci
780 3429 888 3493 misere
903 3431 1052 3496 calentes:

197 3526 265 3594 Nec
281 3528 372 3608 longe
387 3545 484 3588 rursus
498 3523 663 3588 resemntur
677 3524 744 3588 vina
759 3539 905 3603 senecte3

197 3623 339 3709 Dantque
354 3623 452 3688 locum
466 3623 575 3687 mensis
590 3623 711 3709 paulum
724 3621 848 3704 seducta
862 3623 1009 3688 secundis.
