2572 4242
93 517 96 522 ¹
200 441 244 503 ta
514 445 859 497 Mnatnonrnosuou

200 595 295 680 Inque
310 595 390 658 aditu
405 595 524 657 obsisto.
569 595 654 658 Furit
669 596 879 659 audacissimus
895 599 976 661 omni

200 691 251 755 De
266 713 389 754 numero
403 692 558 774 Lycabas:
583 694 631 776 qui
646 693 770 756 Thused
785 695 887 776 pulsus
901 695 939 757 ab
953 695 1027 760 urbe

201 789 360 866 Exsilium,
376 789 440 851 dirti
455 811 575 872 poenam
591 812 644 873 pro
658 791 750 867 oaede,
765 791 876 853 luebat.

200 885 230 948 ls
245 887 326 963 inihi,
342 887 412 948 dum
427 900 515 962 resto,
527 886 651 971 juvenili
665 901 783 969 guttura
797 908 898 970 pugno
1117 893 1183 954 210

201 981 313 1065 Rupit:
327 995 368 1045 tet
382 1004 540 1046 excussum
554 985 678 1045 misisset
693 985 722 1046 in
738 1005 864 1066 aequora,
879 985 902 1046 si
917 1007 977 1048 non

201 1079 371 1157 Haesissem,
387 1081 519 1164 quamvis
534 1101 645 1157 amens,
661 1081 689 1142 in
705 1080 775 1141 sune
789 1095 931 1143 retentus.
950 1080 958 1143 l

244 1178 340 1260 Impia
354 1177 438 1240 turba
452 1178 576 1260 probent
591 1177 711 1239 sactum.
751 1157 980 1262 'Tum'denique
994 1177 1152 1258 Bacchus,

204 1275 358 1359 (Bacchus
374 1274 453 1335 enim
468 1272 576 1360 suerat)
594 1275 684 1336 veluti
699 1275 826 1337 clamore
842 1274 954 1356 solutus

202 1371 248 1433 Sit
261 1392 359 1453 sopor,
374 1391 450 1454 aque
465 1392 547 1432 mero
561 1371 684 1432 redeant
697 1371 726 1433 in
742 1384 863 1454 pectora
876 1392 990 1449 sensus,
1008 1385 1017 1431 l
1116 1377 1183 1438 215

203 1466 317 1539 “Quid
332 1465 446 1530 facitis?
469 1467 533 1549 quis
548 1467 701 1529 elamor?''
724 1469 782 1544 ait;
804 1475 824 1504 “
834 1468 904 1551 qud,
920 1469 1019 1547 dicite,
1035 1483 1143 1541 naute,

202 1561 273 1626 Huc
288 1585 345 1646 ope
360 1564 503 1647 perveni?
527 1563 585 1646 qud
600 1585 648 1625 me
664 1563 776 1625 deferre
791 1565 900 1646 paratis
910 1565 943 1628 i''

183 1645 223 1697 ‘4‘
233 1661 318 1722 Pone
333 1661 477 1738 metum,''
494 1660 633 1738 Proreus,
649 1667 709 1722 “et
724 1682 797 1744 quos
811 1663 983 1744 contingere
999 1675 1101 1745 portus

206 1756 271 1818 Ede
286 1757 389 1834 velis‚''
405 1757 490 1833 dixit,
506 1764 525 1795 “
537 1758 614 1819 terri
628 1757 728 1820 sistere
744 1757 882 1840 petitdss's

204 1861 224 1890 “
234 1853 264 1916 N
267 1854 376 1930 axon‚''
392 1855 432 1918 ait
446 1854 547 1932 Libet,
564 1862 583 1891 “
592 1875 694 1916 cursus
709 1855 852 1916 advertite
868 1867 991 1916 vestros.
1116 1857 1183 1920 220

203 1950 258 2013 Illa
273 1951 344 2013 mihi
360 1951 463 2014 domus
479 1965 541 2014 est:
565 1953 648 2014 vobis
663 1953 717 2014 erit
731 1952 848 2035 hospita
861 1950 980 2013 tellus.''

203 2048 265 2111 Per
278 2069 358 2111 mare
374 2049 502 2126 sallaceS,
518 2071 630 2134 perque
645 2049 744 2112 omnia
758 2049 878 2109 numina
889 2047 989 2131 jurant
1052 2069 1054 2074 ·

205 2147 254 2208 Sic
270 2146 348 2209 sore:
371 2169 479 2231 meque
490 2147 597 2231 jubent
612 2148 695 2229 piotae
712 2147 781 2207 dare
797 2145 863 2206 vela
876 2136 992 2206 carine.

204 2241 340 2303 Dextera
355 2241 459 2304 Naxos
474 2257 546 2304 erat.
591 2242 710 2303 Dextri
723 2241 794 2303 mihi
808 2241 898 2303 lintea
913 2241 1004 2318 danti,
1117 2245 1184 2306 224

205 2336 318 2408 “Quid
333 2337 414 2413 sacis,
428 2360 448 2399 o
463 2339 605 2399 demens?
629 2338 693 2419 quis
708 2351 737 2398 te
760 2337 869 2416 luror,''
885 2338 989 2421 inquit,
1005 2340 1025 2374 “
1035 2337 1181 2417 Aooete,'’

159 2458 190 2500 s
204 2432 265 2495 Pro
279 2455 310 2494 se
327 2434 460 2515 quisque,
476 2437 607 2496 “teneti
629 2435 734 2495 laevam
749 2435 851 2516 pete.'’
897 2435 1032 2497 Maxima
1044 2448 1122 2497 nutu

204 2529 278 2592 Pars
293 2529 364 2590 milri
378 2529 519 2609 significat
528 2553 536 2605 ;
559 2551 635 2613 pars,
652 2531 721 2614 quid
737 2532 818 2608 velit,
833 2553 903 2592 aure
918 2545 1086 2618 susurratR

204 2626 371 2709 Obstupui:
396 2633 414 2662 “
425 2625 593 2710 Capiatque
609 2628 681 2689 alius
695 2627 927 2704 moderamina,''
944 2628 1024 2690 dixi:

204 2723 320 2808 Meque
333 2723 493 2788 ministerio
507 2725 683 2808 scelerisque
699 2726 825 2808 artisque
841 2725 965 2786 removi.

204 2822 345 2906 Increpor
359 2842 376 2885 a
390 2823 514 2900 cunetis,
526 2837 680 2906 totumque
694 2823 897 2884 immurmurat
911 2841 1029 2903 agmen.
1117 2823 1184 2887 230

205 2918 235 2979 E
251 2920 354 3000 quibus
369 2919 532 2996 AEthalion,
548 2928 567 2990 ‘l
577 2919 626 2982 Te
641 2921 752 2982 seilicet
766 2919 860 2980 omnis
875 2918 904 2980 in
919 2939 979 2980 uno

205 3013 313 3075 Nostra
328 3015 405 3075 salus
421 3015 516 3096 posita
529 3017 617 3107 eatiJ'
641 3017 690 3078 ait.
735 3015 776 3077 Et
791 3016 867 3076 subit
881 3015 962 3098 ipse:
986 3035 1149 3099 meumque
1173 3043 1176 3050 ·

205 3110 320 3190 Expiet
334 3129 425 3190 opus:
449 3108 598 3191 Naxoque
614 3113 688 3191 petit
702 3111 815 3174 diversa
830 3111 943 3174 relicta.
970 3155 975 3163 ·

248 3205 329 3267 Turn
345 3205 417 3266 deus
433 3205 568 3280 illudam,
584 3218 723 3300 tanquam
739 3209 828 3269 modi)
843 3208 971 3292 denique
986 3206 1122 3270 fiaudem

206 3302 346 3376 Senserit,
362 3323 379 3362 e
394 3301 487 3383 puppi
503 3315 625 3383 pontum
642 3314 809 3382 prospectat
824 3305 950 3367 adunci.
1119 3305 1182 3368 235

206 3399 247 3461 Et
263 3397 344 3458 flenti
359 3396 469 3471 similis,
484 3404 503 3433 “
514 3395 584 3458 Non
599 3397 661 3459 haeo
675 3395 746 3456 mihi
760 3396 866 3472 littora,
882 3414 988 3476 nautae,

205 3492 414 3569 PromisistiS,”
430 3493 486 3554 ait:
510 3500 599 3554 “non
614 3494 676 3556 haeo
691 3492 761 3554 mihi
777 3507 853 3554 terra
867 3508 969 3573 rogata
984 3506 1039 3556 est.

206 3591 280 3664 Quo
294 3589 387 3652 merui
402 3611 521 3674 poenam
537 3589 634 3654 laeto?
657 3613 721 3676 quae
736 3590 826 3673 gloria
840 3603 937 3654 vestra
951 3605 1014 3669 est;
1121 3625 1124 3630 ·
