2568 4248
543 403 650 454 LIBER
673 405 729 454 XV.

144 552 176 618 N
178 575 226 633 ec,
241 553 296 617 nisi
309 553 380 618 olon
394 552 491 616 senior
504 553 613 618 similes
628 555 786 639 equaverit
801 577 903 635 annos,

146 650 306 715 AEthereas
320 651 407 715 sedes
421 665 606 736 cognataque
621 651 716 715 sidera
731 667 842 736 tanget.

144 747 236 813 Hanc
250 750 378 814 animam
393 749 504 812 interea
518 771 594 812 creso
609 748 646 812 de
661 771 785 834 corpore
801 765 927 835 raptam,

144 846 213 910 Fac
223 847 321 932 jubar,
334 861 367 910 ut
381 867 501 931 semper
515 846 665 931 Capitolia
680 863 776 912 nostra
791 847 963 934 Forumque

144 944 245 1008 Divus
259 945 297 1008 ab
311 943 433 1008 excelse
448 958 617 1028 prospectet
631 944 728 1008 Julius
744 946 829 1010 aede.’
1060 949 1125 1030 295

191 1041 253 1105 Vix
268 1063 304 1104 ea
318 1041 394 1105 satus
410 1056 482 1121 erat,
497 1041 678 1106 moriscum
693 1043 764 1106 sede
780 1042 909 1109 Senatits

143 1139 288 1203 Constitit
303 1139 380 1203 alma
396 1137 510 1217 Venus,
525 1140 596 1204 nulli
610 1139 769 1218 cernenda,
784 1141 888 1226 suique

143 1236 272 1301 Caesaris
286 1237 393 1320 eripuit
407 1237 555 1315 membris,
570 1257 627 1302 nec
640 1237 671 1299 in
686 1240 754 1302 adra
767 1237 841 1302 solvi

143 1333 239 1398 Passa
251 1348 403 1398 recentem
418 1335 556 1412 animam,
570 1334 740 1399 coelestibus
755 1335 852 1402 intulit
866 1335 961 1410 astris.

143 1431 288 1517 Dumque
302 1431 379 1510 tulit,
394 1431 495 1495 lumen
510 1453 629 1516 capere,
644 1446 734 1516 atque
748 1433 899 1515 ignescere
914 1432 1016 1528 sensit,
1059 1435 1124 1512 dm

143 1527 312 1615 Emisitque
326 1529 402 1612 sinu.
446 1528 537 1595 Luni
553 1529 631 1595 volat
645 1529 731 1594 altilis
746 1531 805 1609 illa,

143 1625 427 1714 Flammisenrmque
442 1628 561 1690 trahens
575 1628 703 1712 spatioso
717 1628 810 1694 limite
824 1628 937 1697 crinem

144 1725 239 1788 Stella
253 1725 352 1802 micat,
367 1725 488 1809 natique
504 1725 606 1788 videns
620 1725 698 1788 bene
714 1726 803 1804 sacta,
818 1725 925 1795 latetur

144 1821 222 1886 Esse
236 1823 296 1885 suis
310 1822 431 1908 majora,
442 1837 473 1885 et
489 1822 564 1886 vinci
579 1823 688 1906 gaudet
703 1824 740 1886 ab
755 1824 815 1886 illo.

144 1920 207 1985 Hic
220 1941 273 1984 sua
288 1919 417 2004 praeserri
432 1941 602 2006 quanquam
618 1935 699 1984 vetat
714 1935 780 1984 acta
794 1920 941 2005 paternis;
1057 1923 1123 1988 Μ

145 2017 257 2082 Libera
272 2017 349 2081 sama
363 2032 475 2096 tamen,
489 2018 634 2103 nullisque
649 2019 778 2082 obnoxia
788 2019 888 2104 jussis,

143 2116 275 2180 Invitum
290 2103 406 2201 praeserl
415 2138 424 2193 ;
446 2115 566 2200 unisque
581 2117 610 2179 in
625 2129 708 2200 parte
723 2130 879 2199 repugnat.

144 2215 196 2278 Sic
209 2215 308 2298 magni
322 2215 404 2278 cedit
418 2214 508 2278 titulis
526 2214 758 2296 Agamemnonis
773 2215 902 2278 Atreus:

143 2311 244 2395 AEgea
257 2314 299 2376 sic
313 2312 463 2390 Theseus,
478 2313 520 2375 sic
535 2310 628 2374 Pelea
644 2312 734 2376 vincit
749 2311 894 2376 Achilles.

143 2409 296 2494 Denique,
311 2424 345 2473 ut
359 2408 507 2493 exemplis
524 2410 603 2493 ipsos
618 2410 798 2494 equentibus
812 2423 889 2488 utar,
1058 2410 1124 2478 81⁰

144 2506 196 2571 Sic
211 2521 242 2570 et
257 2507 400 2570 Saturnus
415 2507 509 2570 minor
523 2520 569 2571 est
583 2506 673 2570 Jove.
716 2507 836 2592 Jupiter
850 2527 933 2572 acres

143 2603 309 2689 Temperet
323 2605 473 2682 ethereas,
488 2618 520 2667 et
534 2604 635 2667 mundi
651 2626 741 2688 regna
755 2603 910 2669 triformis:

142 2702 239 2766 Tene
253 2704 308 2765 sub
323 2703 481 2785 Augusto:
505 2717 590 2787 pater
604 2716 649 2765 est
664 2718 695 2766 et
709 2717 805 2766 rector
815 2716 952 2787 uterque.

187 2799 242 2878 Di,
258 2821 372 2884 precor,
388 2799 493 2862 AEneae
509 2800 642 2876 comites,
659 2800 763 2883 quibus
778 2799 855 2862 ensis
871 2812 901 2861 et
916 2799 990 2882 ignis

143 2895 320 2976 Cesserunt,
336 2897 424 2981 dique
441 2896 602 2980 Indigetes,
618 2897 802 2980 genitorque,
818 2894 958 2975 Quirine,
1058 2895 1123 2962 ³15

141 2993 245 3072 Urbis,
261 3009 291 3058 et
306 2994 405 3058 invicti
420 2995 545 3076 genitor,
561 2994 703 3071 Gradive,
719 2993 848 3073 Quirini,

143 3091 299 3177 Vestaque
313 3091 467 3156 Cosareos
482 3093 557 3154 inter
571 3107 684 3156 sacrata
698 3092 840 3171 Penates,

143 3190 270 3253 Etcum
285 3189 425 3255 Cesareri
438 3203 482 3266 tu,
497 3189 616 3253 Phoebe
632 3191 804 3268 domestice,
821 3189 929 3270 Vesti,

143 3287 267 3374 Quique
282 3301 366 3351 tenes
381 3288 457 3350 altus
471 3285 627 3370 Tarpeias,
642 3287 769 3372 Jupiter,
785 3303 878 3368 arces,

143 3385 292 3470 Quosque
307 3385 378 3448 alios
393 3385 453 3448 vati
468 3384 511 3448 sas
526 3385 676 3469 appellare
691 3387 852 3471 piumque;
1058 3385 1123 3451 82⁰

141 3484 244 3547 Tarda
259 3484 296 3548 sit
310 3483 360 3547 illa
373 3482 448 3561 dies,
463 3497 493 3546 et
507 3495 608 3546 nostro
623 3483 715 3546 serior
729 3488 802 3561 asro,

141 3581 218 3656 Qus
231 3592 324 3665 caput
338 3582 519 3664 Augustum,
535 3601 623 3665 quem
638 3594 795 3664 temperat,
807 3581 878 3644 orbe
894 3577 997 3643 relicto

144 3678 281 3743 Accedat
293 3680 383 3758 coslo,
400 3677 556 3762 faveatque
572 3678 758 3762 precantibus
773 3678 890 3741 absens.
