2572 4242
517 429 623 478 LIBER
640 427 684 478 lV.

106 573 246 637 Arboris.
291 573 390 636 Arbor
403 576 452 652 ibi,
467 576 560 639 niveis
574 577 720 640 uberrima
733 578 837 661 pomis,

106 671 216 734 Ardua
230 693 339 749 morus,
354 687 425 749 erat,
440 673 538 755 gelido
551 675 732 736 contermina
747 673 848 748 sontis

106 766 207 832 Pacta
221 769 357 852 placent:
380 783 410 844 et
425 770 488 846 lux,
500 771 582 832 tarde
598 771 741 833 decedere
758 772 829 848 visa,

109 864 316 950 Praecipitatur
330 868 422 949 aquis,
438 881 467 928 et
483 867 565 950 aquis
580 889 638 929 nox
654 869 743 948 surgit
758 869 795 930 ob
812 869 915 931 isdem.

155 962 272 1026 Callida
286 985 340 1048 per
354 965 499 1041 tenebras,
515 978 631 1026 versato
644 966 773 1042 cardine,
787 965 901 1028 Thisbe

111 1059 282 1141 Egreditur,
296 1061 427 1144 fallitque
442 1083 527 1123 suos:
551 1062 752 1145 adopertaque
769 1063 880 1124 vultum

111 1156 255 1220 Pervenit
271 1157 306 1219 ad
323 1158 486 1234 tumulum3
508 1159 645 1241 dictique
659 1159 714 1220 sub
729 1159 831 1221 arbore
846 1159 932 1222 sedit.
958 1162 964 1174 ’

113 1254 271 1316 Audacem
285 1254 410 1317 faciebat
425 1277 515 1318 amor.
562 1255 654 1318 Venit
669 1277 739 1319 ecce
755 1257 865 1320 recenti

112 1351 208 1416 Caede
223 1351 319 1415 leaena
332 1353 421 1415 boum
435 1367 605 1436 spumantes
620 1354 709 1416 oblita
723 1355 822 1432 rictus,

113 1448 296 1532 Depositum
309 1449 385 1511 sitim
401 1451 486 1512 vicini
501 1451 587 1513 sontis
603 1451 631 1513 in
646 1451 736 1512 undis.

114 1543 218 1619 Quam
233 1547 334 1631 procul
350 1546 386 1608 ad
401 1547 476 1610 lunae
491 1547 585 1610 radios
600 1546 767 1631 Babylonia
780 1545 894 1610 Thisbe

115 1642 217 1706 Vidit:
240 1657 271 1706 et
285 1643 439 1706 obscurum
455 1645 570 1728 trepido
584 1646 661 1728 pede
677 1644 750 1727 sugit
765 1645 795 1707 in
809 1659 935 1708 antrum.

114 1739 258 1825 Dumque
273 1740 356 1822 sugit,
370 1754 453 1823 tergo
468 1743 612 1804 velamina
625 1743 707 1825 lapsa
721 1743 867 1826 relinquit.

115 1835 159 1900 Ut
173 1837 221 1900 lea
234 1857 315 1900 saera
329 1839 406 1901 sitim
421 1839 514 1900 multa
526 1840 708 1922 compescuit
722 1839 812 1916 unda,

114 1933 199 1997 Dum
214 1933 333 1998 reditio
348 1936 444 2011 silvas,
459 1935 593 1998 inventos
607 1936 680 1998 sort'e
695 1937 757 1998 sine
773 1935 839 2019 ipsb

115 2030 178 2093 Ore
193 2044 346 2094 cruentato
362 2047 464 2094 tenues
478 2033 597 2095 laniavit
612 2033 745 2094 amictus.

158 2127 260 2190 Serius
274 2150 407 2211 egressus
423 2131 544 2211 vestigia
560 2130 630 2192 vidit
646 2130 749 2191 inulto

114 2223 246 2288 Pulvere
260 2241 341 2289 certa
356 2226 432 2302 sera,
447 2241 567 2309 totoque
583 2226 725 2309 expalluit
739 2247 789 2288 ore
1044 2227 1087 2290 35

115 2321 274 2406 Pyramus.
318 2322 361 2386 Ut
377 2325 447 2386 verb
462 2340 574 2386 vestem
591 2346 709 2408 quoque
722 2323 862 2405 sanguine
877 2323 998 2385 tinctam

116 2419 262 2503 Reperit;
284 2419 370 2483 ‘Una
386 2422 459 2484 duos
473 2421 554 2497 nox‚'
571 2422 673 2504 inquit,
689 2421 812 2504 ‘perdet
826 2435 974 2482 amantes:

116 2517 145 2580 Ε
162 2519 266 2601 quibus
280 2517 330 2579 illa
345 2517 397 2579 suit
411 2519 498 2600 longit
513 2519 680 2599 dignissima
695 2519 772 2579 vita:

115 2614 226 2678 Nostra
240 2635 350 2676 nocens
364 2615 460 2677 anima
475 2629 529 2677 est.
557 2612 562 2625 ⁴
575 2615 641 2696 Ego
656 2631 696 2691 te,
711 2614 883 2689 miseranda,
899 2611 1023 2696 peremi,

115 2711 150 2773 ln
165 2712 232 2774 loca
246 2711 332 2794 plena
348 2713 443 2773 metris
458 2713 506 2795 qui
518 2712 589 2796 jussi
605 2727 691 2774 nocte
708 2713 839 2772 venires:
1045 2711 1088 2771 40

116 2807 183 2871 Nee
199 2809 276 2891 prior
290 2808 348 2870 huc
365 2791 457 2872 veni.⁸
488 2809 627 2871 Nostrum
643 2809 770 2870 divellite
785 2827 903 2888 corpus,

104 2905 158 2984 ,Et
172 2905 315 2967 scelerata
329 2903 391 2967 sero
406 2907 568 2968 consumite
584 2907 695 2968 viscora
709 2924 818 2978 morsu,

93 3066 97 3076 ,
115 3002 146 3064 Ο
162 3004 330 3087 quicunque
344 3003 398 3064 sub
413 3003 469 3066 bic
484 3005 617 3065 habitatis
633 3023 715 3085 rupe,
730 2999 853 3064 leones.’

115 3101 177 3163 Sed
192 3100 285 3162 timidi
301 3115 345 3162 est
359 3115 461 3182 optare
476 3123 591 3163 necem.
637 3099 792 3163 Velamina
806 3097 936 3160 Thisbes

114 3197 219 3274 Tollit,
235 3211 266 3260 et
281 3197 319 3259 ad
335 3213 426 3286 pacta
441 3220 541 3260 secum
558 3196 611 3259 sert
626 3198 734 3260 arboris
750 3197 893 3258 umbram.
1047 3194 1090 3255 45

116 3294 219 3378 thue
235 3295 318 3358 dedit
334 3309 408 3357 nota
423 3296 579 3378 lacrymas,
595 3295 676 3358 dedit
690 3295 790 3357 oscula
804 3292 896 3354 vesti:

117 3394 254 3476 ‘Accipe
271 3392 372 3468 nunc,'
386 3393 490 3475 inquit,
505 3393 612 3453 ‘nostri
629 3413 745 3476 quoque
760 3389 907 3471 sanguinis
928 3386 1050 3448 haustus
1061 3381 1082 3446 τ’

117 3487 249 3574 Quoque
265 3502 329 3551 erat
344 3490 502 3565 accinctuS,
518 3490 645 3552 demittit
659 3491 688 3552 in
704 3490 751 3551 ilia
765 3488 884 3550 serrum.

118 3584 182 3650 Neo
197 3607 282 3650 mora
295 3608 304 3664 ;
327 3585 451 3648 ferventi
467 3587 593 3650 moriens
607 3607 624 3647 e
640 3586 760 3647 vulnere
778 3582 877 3644 traxit.
