2572 4242
539 385 646 434 trualt
670 385 703 434 ll.

129 537 300 623 (Presserat
312 557 364 600 ora
379 533 494 620 vapor,)
512 541 621 598 ‘tostos
636 555 673 598 en
689 534 808 620 adspice
822 535 928 614 otinas,

129 634 223 718 Inque
237 633 331 697 oculis
345 647 468 710 tantum,
483 645 596 695 tanturn
610 653 700 714 super
713 653 764 695 ora
779 631 892 696 favillas.

131 731 234 796 Hosne
249 731 321 794 mihi
337 729 456 806 inlotus,
471 730 551 792 hunc
567 727 718 792 fertilitatis
734 730 875 794 honorem

129 829 289 913 Officiique
303 824 412 903 resers3
435 827 513 910 qubd
530 825 636 889 adunci
652 827 773 890 vulnera
788 828 884 906 aratri,

131 925 365 1009 Rastrorumque
380 923 452 1000 iero,
465 937 588 1008 totoque
603 945 746 987 exerceor
759 928 859 990 anuo?

131 1022 225 1095 Qndd
240 1023 340 1106 pecori
355 1021 481 1097 frondes,
496 1021 694 1106 alimentaque
709 1021 802 1099 mitia,
817 1020 924 1106 finges,

131 1119 270 1182 Humano
284 1119 396 1202 generi,
409 1119 488 1181 vobis
503 1117 582 1202 qudd
598 1119 682 1181 tituta
697 1119 848 1183 urinistroi

130 1217 191 1280 Sed
207 1232 306 1279 tamen
322 1217 444 1279 exitium
460 1215 506 1279 sac
521 1237 569 1278 me
585 1217 742 1278 meruisse:
766 1216 836 1300 quid
851 1218 947 1294 trudat,

130 1313 215 1386 Quid
229 1315 335 1376 meruit
351 1314 457 1375 irater?
500 1311 565 1376 Cur
580 1313 618 1376 illi
635 1313 738 1377 tradita
753 1327 830 1378 sorte
1040 1315 1105 1380 Μ

133 1411 264 1494 AEquora
278 1411 463 1488 decrescunt,
478 1424 508 1472 et
523 1411 560 1474 ab
575 1412 682 1474 ethere
697 1410 812 1494 longius
826 1412 953 1477 absttnti

130 1508 224 1582 Quod
238 1510 263 1571 si
277 1531 334 1572 nec
351 1508 453 1586 fiatris,
467 1529 523 1572 nec
538 1523 568 1570 te
584 1529 651 1571 rnea
663 1509 755 1591 gratia
771 1508 880 1592 tangit3

133 1607 174 1668 At
188 1607 258 1669 ooeli
272 1607 411 1668 miserere
426 1605 493 1682 tui,
523 1603 728 1689 Circumspice
743 1620 919 1692 utmrnqu03

132 1703 240 1766 Fumat
255 1717 378 1788 uterque
394 1704 495 1786 polus:
519 1703 630 1786 quossi
646 1703 791 1768 vitiaverit
806 1704 890 1786 ignia,

133 1802 216 1864 Atria
230 1815 326 1864 vestra
341 1815 436 1863 ruent.
482 1801 567 1862 Atlas
581 1819 618 1862 eo
634 1800 697 1884 ipss
712 1801 839 1864 laborat:
1039 1799 1104 1866 Ν

131 1897 254 1982 Vixque
267 1899 328 1960 suis
342 1897 469 1960 humeris
483 1897 658 1960 candentem
673 1899 796 1961 sustinet
809 1917 909 1962 uem.

128 1994 163 2056 Si
178 1994 262 2072 freta,
276 1995 301 2058 si
315 2007 399 2057 terre
414 2007 549 2077 pereunt,
563 1993 587 2055 si
604 1995 683 2075 regia
697 1995 784 2070 coeli;

127 2091 164 2152 In
179 2091 270 2153 chaos
285 2091 436 2174 antiquum
450 2089 667 2154 confundimur.
711 2089 804 2173 Eripe
818 2089 955 2168 flatnmis,

128 2189 162 2250 Si
179 2187 249 2271 quid
264 2186 361 2251 adhuc
374 2201 524 2270 superest:
547 2201 578 2250 et
593 2207 689 2248 rerum
703 2187 825 2250 consule
839 2187 983 2254 summa!

127 2285 258 2346 Dixerat
272 2285 334 2346 haec
349 2283 472 2346 Tellus:
495 2303 593 2367 neque
608 2283 687 2346 enirn
702 2283 826 2347 tolerare
843 2303 983 2370 vaporem
1039 2285 1104 2352 δω

125 2381 261 2444 Ulterius
276 2381 381 2464 potuit,
396 2401 451 2444 neo
466 2380 565 2442 dicere
580 2381 680 2464 plura:
703 2401 848 2466 suumque

126 2479 245 2542 Retulit
260 2501 293 2540 os
307 2479 336 2540 in
350 2500 395 2555 se,
409 2479 603 2562 propioraque
617 2479 752 2542 manibus
766 2494 872 2543 antra.-

170 2577 214 2637 At
230 2589 314 2658 pater
327 2576 513 2658 omnipotens
528 2597 649 2658 superos
664 2591 796 2655 testatus,
811 2589 842 2640 et
856 2578 965 2660 ipsunt,

125 2673 190 2746 Qui
207 2673 328 2734 dederat
342 2693 454 2749 currus,
469 2672 523 2734 nisi
537 2694 626 2756 opem
643 2662 727 2750 serat,⁸
739 2675 837 2737 omnia
851 2673 921 2760 sato,

125 2771 283 2833 Interitura
298 2770 401 2851 gravi3
422 2791 567 2832 summam
583 2771 657 2854 petit
671 2771 778 2834 nauus
793 2791 911 2847 arcem3
1039 2771 1105 2838 ⁸⁰5

124 2866 217 2930 Unde
233 2869 309 2930 solet
323 2867 389 2929 latis
404 2867 497 2930 nubes
512 2867 651 2930 inducere
666 2869 762 2930 terris:

126 2965 217 3027 Unde
233 2979 334 3027 movet
349 2964 482 3042 tonitrus,
498 2965 668 3049 vibrataque
684 2964 805 3028 fulmina
815 2963 918 3050 jactat.

125 3063 188 3124 Sed
205 3083 317 3145 oeque,
333 3083 405 3146 quas
419 3077 519 3146 posset
535 3063 616 3126 terris
631 3063 782 3138 iuducere,
797 3063 891 3126 nubes

124 3160 216 3222 Tunc
233 3159 354 3222 habuit:
377 3181 445 3234 nec,
462 3180 534 3241 quos
548 3161 627 3223 coelo
643 3161 812 3237 dimitteret,
828 3160 946 3224 imbres.

124 3257 262 3320 Intonat:
287 3272 317 3318 et
332 3257 439 3319 dextri
453 3256 590 3320 libratum
604 3257 715 3320 strlruen
732 3258 768 3320 ab
783 3279 853 3320 aurs
1041 3258 1106 3322 ato

124 3353 208 3417 alisia
224 3356 254 3417 in
271 3355 421 3434 aurigam:
445 3357 612 3438 pariterque
627 3356 784 3439 anianique
799 3355 928 3438 rotisque

123 3451 265 3536 Expulit,
282 3465 312 3513 et
328 3452 411 3513 stads
425 3453 608 3534 compescuit
624 3453 738 3534 ignibus
755 3453 848 3534 ignes.

122 3563 128 3580 ¹
145 3549 365 3612 'onstemantur
378 3549 464 3633 oqui:
489 3563 518 3610 et
534 3551 608 3612 saltu
624 3551 651 3611 in
667 3550 809 3611 contraria
824 3547 902 3610 sacto
