2586 4234
533 401 641 452 nmen
656 401 691 452 11.
1063 399 1104 462 27

120 547 321 612 Flarnmiseris
335 550 471 632 implent,
487 551 671 634 pedibusque
685 551 828 634 repagula
845 551 973 635 pulsant.

120 647 200 720 Quae
218 663 372 731 postquam
388 648 517 730 Tethys,
533 648 656 711 satorum
672 649 772 729 ignara
786 653 913 732 nepotis,
1044 652 1103 714 155

121 744 267 827 Repulit;
289 761 320 807 et
336 746 410 808 l'acta
426 763 470 808 est
487 747 620 808 immensi
635 749 722 830 copia
736 749 854 822 mundi;

121 842 302 926 Corripussre
320 844 407 919 viam,
424 845 606 927 pedibusque
623 866 675 926 per
690 849 759 908 aera
775 847 860 906 motis

120 941 283 1003 Obstantes
299 942 412 1003 findunt
428 943 560 1018 nebulas,
575 944 739 1026 pennisque
755 945 843 1006 levati

121 1039 306 1101 Praetereunt
321 1054 400 1100 ortos
416 1040 509 1102 isdem
524 1041 562 1102 de
579 1041 710 1123 partibus
726 1039 834 1104 Euros.

122 1137 184 1198 Sed
200 1137 267 1198 leve
284 1137 398 1218 pondus
414 1153 494 1212 erat3
516 1159 572 1200 nec
589 1138 666 1220 quod
683 1159 863 1219 cognoscere
877 1155 997 1222 possent
1043 1141 1104 1204 160

121 1233 201 1296 Solis
216 1235 301 1318 equi:
325 1234 469 1317 solitique
481 1235 585 1318 jugum
601 1237 743 1317 gravitate
757 1239 887 1302 carebat.
902 1267 924 1299 r

120 1331 226 1415 thue
241 1333 341 1395 labent
355 1354 452 1394 curvae
465 1333 545 1417 justo
561 1335 623 1395 sine
640 1334 771 1416 pondere
786 1357 888 1411 naves,

121 1429 242 1514 Perque
257 1452 348 1506 mare,
364 1431 513 1494 instabiles
529 1432 619 1494 nimia
633 1432 765 1508 levitate,
781 1431 930 1510 fermotum

121 1527 173 1590 Sic
189 1550 278 1590 onere
293 1529 417 1591 adsueto
432 1551 541 1590 vacuos
556 1529 606 1592 dat
622 1529 649 1590 in
665 1534 734 1594 aire
747 1531 848 1608 saltus,

121 1625 351 1708 succutiturque
366 1627 437 1701 alte,
452 1627 612 1709 similisque
628 1641 673 1690 est
686 1649 787 1694 currus
803 1629 893 1692 inani.
1043 1627 1118 1694 165·

122 1723 215 1797 Quod
231 1724 317 1786 simul
333 1746 368 1786 ae
382 1725 521 1798 sensium
544 1738 642 1800 ruunt,
657 1725 816 1811 tritumque
831 1727 999 1811 relinquunt

122 1819 300 1907 Quadrijugi
315 1821 460 1904 spatium:
483 1843 550 1896 nec,
567 1843 625 1905 quo
640 1823 731 1905 prius,
745 1824 848 1886 ordine
863 1836 994 1888 currunt.

121 1917 192 2002 lpse
208 1933 298 2002 pavet
307 1941 315 1996 ;
337 1940 394 1980 neo
410 1919 469 2002 qud
481 1920 653 1984 commissas
669 1919 769 1984 flectat
784 1921 925 1998 habenas,

27 2075 30 2080 .
122 2015 191 2078 Nee
205 2017 270 2092 scit,
286 2016 345 2100 qua
359 2017 395 2078 sit
410 2017 481 2078 iter:
504 2037 572 2091 nec,
587 2017 612 2078 si
626 2017 709 2092 sciet,
724 2017 849 2100 imperet
864 2019 929 2082 illis.

11 2185 14 2194 ,
121 2113 205 2176 Tum
221 2114 348 2196 primum
363 2115 448 2176 radiis
463 2113 552 2196 gelidi
567 2115 686 2176 caluere
700 2113 839 2193 Triones,
1043 2119 1103 2181 tto

122 2210 166 2275 Et
181 2211 273 2274 vetito
287 2211 392 2274 snrstra
405 2213 555 2276 teutdrunt
570 2233 686 2297 aequore
702 2212 785 2296 tingi.

122 2308 263 2393 Quaeque
278 2310 347 2392 polo
362 2312 457 2392 posita
471 2325 516 2373 est
531 2309 645 2392 glaciali
660 2311 796 2394 proxima
810 2311 952 2397 Serpens,

122 2409 247 2492 Frigore
262 2410 344 2494 pigra
359 2413 450 2494 prius,
465 2433 521 2474 nee
536 2411 724 2474 sonnidabilis
739 2411 802 2490 ulli,

120 2509 265 2572 Incaluit:
289 2511 472 2594 sumpsitque
489 2531 581 2572 novas
596 2508 757 2573 fervoribus
772 2511 839 2574 iras.

120 2606 171 2669 Te
186 2629 305 2691 quoque
321 2609 470 2670 turbatum
485 2623 649 2670 memorant
664 2607 783 2690 fugisse,
798 2607 917 2685 Boiite3
1040 2609 1101 2671 175

121 2704 271 2778 Quamvis
285 2706 384 2768 tardus
399 2727 474 2781 eras,
489 2718 519 2768 et
535 2720 564 2767 te
580 2720 631 2768 tua
645 2707 775 2790 plaustra
789 2707 939 2769 tenebant.

164 2802 210 2866 Ut
225 2803 296 2865 verb
310 2825 426 2866 summo
442 2804 578 2886 despexit
593 2805 630 2866 ab
645 2805 752 2866 aethere
767 2817 859 2865 terras

121 2900 231 2964 Infelix
246 2901 416 2978 Phaethon,
432 2903 549 2985 penittls
566 2903 743 2986 penitusque
754 2900 907 2986 jacentem

120 2998 244 3076 Palluit,
260 3012 290 3061 et
305 3001 402 3061 subito
417 3022 514 3082 genua
528 3001 706 3063 intrenutdre
721 2999 842 3062 timore:

122 3083 258 3180 Suntque
274 3098 367 3160 oeulis
382 3099 508 3160 tenebrae
524 3120 579 3181 per
592 3111 705 3160 tantum
721 3098 821 3159 lumen
836 3096 955 3158 oborta.
1040 3097 1101 3160 180

11 3225 15 3288 q
122 3193 165 3256 Et
174 3193 238 3278 jam
252 3196 354 3259 mallet
369 3217 460 3279 equos
474 3217 625 3279 nunquam
641 3195 770 3278 tetigisse
784 3208 939 3278 paternos:

121 3291 251 3377 Jamque
266 3293 391 3374 agndsse
406 3316 499 3375 genus
514 3295 606 3377 piget,
621 3307 652 3356 et
662 3294 793 3381 ⁴valuisse
808 3291 955 3374 rogando:

53 3427 55 3432 .
122 3389 190 3454 Jam
205 3391 341 3476 Meropis
356 3392 413 3454 diei
428 3393 570 3475 cupiens3
593 3392 634 3454 ita
648 3391 748 3468 fertur,
761 3403 795 3453 ut
810 3404 874 3453 aeta

122 3488 271 3574 Praeoipiti
287 3491 373 3572 pinus
388 3489 501 3566 Bored,
516 3491 565 3574 cui
579 3491 658 3554 victa
671 3489 783 3553 remisit

11 3611 17 3658 t
68 3627 72 3630 ·
122 3585 229 3650 Frena
243 3609 313 3650 suus
327 3601 433 3666 rector,
448 3609 537 3672 quern
554 3587 599 3650 dis
613 3588 748 3670 votisque
761 3583 889 3668 reliquit.
1041 3577 1102 3640 185
