2586 4234
566 460 671 510 trualt
686 461 707 510 l.

143 606 286 691 Ingentes
299 609 398 672 animo
412 623 443 672 et
457 609 559 692 dignas
574 609 652 674 Jove
665 612 794 696 concipit
809 611 883 690 iras3

144 703 370 791 Consiliumque
386 722 482 771 vocat.
516 707 639 778 ,Tenuit
656 731 737 772 mora
750 710 832 774 nulla
846 723 993 776 noem..
1051 741 1060 758 ·

188 803 245 866 Est
260 805 305 867 via
321 805 462 884 sublimis,
473 805 552 869 coelo
567 806 720 869 manifesta
739 827 862 871 sereno:

50 884 55 896 ’
144 900 378 966 Lacteanomen
393 904 501 980 habet3
522 905 650 966 candore
665 905 800 968 notabilis
813 905 888 988 ipso.

145 997 214 1062 Hac
230 1000 285 1066 iter
299 1015 344 1064 est
358 1002 471 1086 superis
487 1001 523 1064 ad
540 1003 637 1084 magni
653 1017 732 1065 tecta
746 1001 903 1082 Tonantis,
1059 1008 1121 1072 1ἵο

72 1179 75 1184 ¹
144 1096 351 1183 Regalemque
366 1099 498 1162 domum.
543 1099 662 1162 Dextra
678 1099 811 1184 levaque
827 1100 949 1164 deorum

143 1193 231 1258 Atria
243 1196 385 1259 nobilium
401 1197 491 1260 valvis
507 1197 693 1262 celebrantur
707 1198 826 1280 apertis.
848 1189 854 1204 ⁴

143 1291 235 1356 Plebs
250 1294 381 1357 habitant
395 1295 510 1358 diversa
524 1295 606 1358 locis.
651 1296 681 1359 Α
698 1295 790 1358 frome
813 1310 949 1382 potentes

143 1388 307 1468 Caelicolae,
322 1392 450 1477 clarique
465 1414 532 1456 suos
548 1394 673 1477 posuere
690 1409 822 1477 penates.

142 1485 204 1550 Hic
220 1489 300 1551 locus
315 1504 378 1566 est3
400 1513 500 1574 quem,
514 1491 538 1555 si
555 1491 650 1554 verbis
665 1492 787 1556 audacia
802 1491 898 1572 detur,
1058 1493 1120 1560 tta

143 1583 233 1647 Haud
250 1587 369 1650 timeam
385 1589 483 1670 magni
498 1589 607 1652 dixisse
624 1589 737 1652 Palatia
752 1590 850 1654 coeli..

187 1683 268 1766 Ergo
282 1685 332 1749 ubi
347 1708 511 1750 marmoreo
525 1687 624 1772 superi
639 1688 744 1751 seddre
759 1709 890 1767 recessu,

142 1779 260 1845 Celsior
274 1783 337 1866 ipse
352 1785 428 1862 loco,
443 1801 618 1870 sceptroque
634 1787 753 1850 innisus
768 1787 890 1866 ebumo,

142 1879 314 1943 Territicam
329 1883 433 1966 capitis
447 1885 593 1946 concussit
605 1901 708 1968 terque
724 1899 886 1969 quaterque

142 1975 322 2056 Caesanem3
343 2001 411 2042 cum
427 1979 486 2063 quai
506 1995 622 2056 terram,
638 2003 730 2059 mare,
745 1983 850 2060 sidera,
864 1980 969 2046 movit.
1061 1981 1120 2046 lffl

66 2139 72 2146 ,
95 2110 100 2114 -
142 2073 267 2138 Talibus
281 2076 348 2138 inde
364 2078 457 2140 modis
472 2099 522 2140 cra
538 2078 717 2161 indignantia
732 2078 835 2140 solvit:

45 2163 47 2168 ’
143 2171 231 2235 ‘Non
247 2196 303 2256 ego
318 2197 371 2258 pro
386 2175 487 2239 mundi
502 2198 594 2258 regno
609 2177 701 2258 mag's
717 2177 823 2238 anxius
839 2173 889 2238 illa

140 2269 336 2353 Tempestate
354 2271 403 2348 lui,
420 2272 480 2357 quai
493 2289 614 2337 centum
631 2274 755 2358 quisque
771 2273 913 2358 parabant

140 2367 266 2451 Iqiicere
281 2370 481 2454 anguipedum
496 2371 615 2456 captivo
631 2373 750 2434 brachia
764 2371 853 2436 coelo.

141 2463 233 2542 Nam,
245 2470 411 2552 quanquam
423 2467 501 2530 serus
514 2469 604 2532 hostis
616 2482 690 2546 erat,
701 2484 800 2532 tamen
814 2468 883 2533 illud
895 2467 933 2534 ab
943 2489 1004 2536 uno
1056 2470 1118 2538 185

140 2561 287 2645 Corpore,
302 2579 388 2628 etex
402 2567 463 2627 una
479 2566 628 2649 pendebat
643 2568 754 2650 origine
769 2567 891 2630 bellurn.

140 2657 231 2722 Nunc
245 2662 328 2739 mihi,
343 2663 403 2746 qud
417 2676 513 2725 totum
528 2662 645 2726 Nereus
659 2665 853 2727 circumtonat
866 2664 980 2742 orbem,

139 2756 332 2824 Perdendum
347 2761 470 2824 mortale
486 2783 590 2843 genus.
635 2762 697 2824 Per
711 2763 833 2826 flumina
843 2759 912 2846 juro

139 2852 248 2931 Insere,
263 2857 318 2918 sub
333 2858 414 2919 terris
430 2857 535 2940 Stygio
550 2859 678 2921 labentia
696 2859 775 2933 luco,

139 2949 260 3014 Cuncta
274 2954 354 3036 priris
369 2968 497 3018 tentata:
520 2956 573 3018 sed
589 2955 804 3018 immedicabile
819 2955 926 3042 uulnus
1056 2959 1118 3029 190

139 3047 222 3110 Ense
238 3050 439 3129 recidendum,
455 3073 492 3114 ne
510 3074 574 3135 pars
590 3053 703 3116 sincera
719 3054 858 3116 tmlratur.
912 3133 916 3140 Ι

138 3145 215 3208 Sunt
230 3148 301 3208 milri
318 3147 459 3225 Semidei,
475 3164 541 3212 sunt
558 3152 664 3213 rustica
680 3152 800 3214 numina
815 3150 844 3214 N
846 3151 978 3236 ymphte‚

137 3243 308 3328 Faunique,
324 3245 492 3331 Satyrique,
508 3264 538 3310 et
555 3250 718 3311 monticolae
735 3249 866 3312 Silvani:

137 3340 227 3413 Quos
243 3345 381 3425 quoniam
396 3345 464 3408 coeli
481 3347 612 3408 nondum
628 3347 782 3428 dignamur
799 3348 921 3425 honore,

136 3437 226 3512 Quas
240 3440 386 3517 dedimus,
397 3443 478 3504 cert'e
495 3458 585 3506 terras
600 3444 730 3506 babitare
742 3444 881 3508 sinamus.
1057 3445 1119 3518 196

134 3537 187 3600 An
203 3537 284 3615 satis,
299 3560 318 3600 o
332 3541 441 3624 superi,
457 3555 535 3604 tutos
550 3540 610 3604 sore
625 3541 744 3604 creditis
757 3542 833 3620 illos,
857 3618 859 3622 .

131 3635 218 3697 lft'rm
237 3636 318 3712 mibi,
335 3637 384 3722 qui
401 3636 522 3714 fulmen,
538 3640 587 3722 qui
604 3661 656 3700 vos
668 3640 835 3724 habeoque,
850 3657 991 3722 rogoque,
