<?xml version="1.0" encoding="UTF-8"?>
<!DOCTYPE html PUBLIC "-//W3C//DTD XHTML 1.0 Transitional//EN"
    "http://www.w3.org/TR/xhtml1/DTD/xhtml1-transitional.dtd">
<html xmlns="http://www.w3.org/1999/xhtml" xml:lang="en" lang="en">
 <head>
  <title>
</title>
<meta http-equiv="Content-Type" content="text/html;charset=utf-8" />
  <meta name='ocr-system' content='tesseract 3.04.00' />
  <meta name='ocr-capabilities' content='ocr_page ocr_carea ocr_par ocr_line ocrx_word'/>
</head>
<body>
  <div class='ocr_page' id='page_1' title='image "./excerptaexscrip01ovidgoog_0036.png"; bbox 0 0 2572 4242; ppageno 0'>
   <div class='ocr_carea' id='block_1_1' title="bbox 482 407 833 464">
    <p class='ocr_par' dir='ltr' id='par_1_1' title="bbox 482 407 833 464">
     <span class='ocr_line' id='line_1_1' title="bbox 482 407 833 464; baseline -0.02 0"><span class='ocrx_word' id='word_1_1' title='bbox 482 407 833 464; x_wconf 73' lang='grc' dir='ltr'><strong>ΜΕΤΔΜΟΒΡΗΟΒΕΟΝ</strong></span> 
     </span>
    </p>
   </div>
   <div class='ocr_carea' id='block_1_2' title="bbox 554 656 761 724">
    <p class='ocr_par' dir='ltr' id='par_1_2' title="bbox 554 656 761 724">
     <span class='ocr_line' id='line_1_2' title="bbox 554 656 761 724; baseline -0.019 0"><span class='ocrx_word' id='word_1_2' title='bbox 554 656 697 724; x_wconf 79' lang='lat' dir='ltr'>LLBER</span> <span class='ocrx_word' id='word_1_3' title='bbox 718 656 761 722; x_wconf 91' lang='lat' dir='ltr'>ll.</span> 
     </span>
    </p>
   </div>
   <div class='ocr_carea' id='block_1_3' title="bbox 482 887 833 934">
    <p class='ocr_par' dir='ltr' id='par_1_3' title="bbox 482 887 833 934">
     <span class='ocr_line' id='line_1_3' title="bbox 482 887 833 934; baseline -0.014 0"><span class='ocrx_word' id='word_1_4' title='bbox 482 887 714 934; x_wconf 74' lang='lat' dir='ltr'>PHAETHONTIS</span> <span class='ocrx_word' id='word_1_5' title='bbox 737 887 833 930; x_wconf 71' lang='lat' dir='ltr'><strong>MORS·</strong></span> 
     </span>
    </p>
   </div>
   <div class='ocr_carea' id='block_1_4' title="bbox 622 1068 698 1127">
    <p class='ocr_par' dir='ltr' id='par_1_4' title="bbox 622 1068 698 1127">
     <span class='ocr_line' id='line_1_4' title="bbox 622 1068 698 1127; baseline 0 -1"><span class='ocrx_word' id='word_1_6' title='bbox 622 1085 650 1126; x_wconf 91' lang='lat' dir='ltr'>v.</span> <span class='ocrx_word' id='word_1_7' title='bbox 669 1068 698 1127; x_wconf 93' lang='lat' dir='ltr'>l.</span> 
     </span>
    </p>
   </div>
   <div class='ocr_carea' id='block_1_5' title="bbox 145 1247 1172 3686">
    <p class='ocr_par' dir='ltr' id='par_1_5' title="bbox 169 1247 870 1333">
     <span class='ocr_line' id='line_1_5' title="bbox 169 1247 870 1333; baseline -0.009 -19"><span class='ocrx_word' id='word_1_8' title='bbox 169 1249 266 1333; x_wconf 86' lang='lat' dir='ltr'>Regia</span> <span class='ocrx_word' id='word_1_9' title='bbox 282 1250 360 1314; x_wconf 92' lang='lat' dir='ltr'>Solis</span> <span class='ocrx_word' id='word_1_10' title='bbox 375 1264 438 1312; x_wconf 88' lang='lat' dir='ltr'>erat</span> <span class='ocrx_word' id='word_1_11' title='bbox 452 1247 625 1311; x_wconf 86' lang='lat' dir='ltr'>sublimibus</span> <span class='ocrx_word' id='word_1_12' title='bbox 641 1247 700 1309; x_wconf 92' lang='lat' dir='ltr'>alta</span> <span class='ocrx_word' id='word_1_13' title='bbox 714 1247 870 1324; x_wconf 85' lang='lat' dir='ltr'>columnis,</span> 
     </span>
    </p>

    <p class='ocr_par' dir='ltr' id='par_1_6' title="bbox 168 1345 1005 1428">
     <span class='ocr_line' id='line_1_6' title="bbox 168 1345 1005 1428; baseline -0.005 -16"><span class='ocrx_word' id='word_1_14' title='bbox 168 1347 258 1412; x_wconf 91' lang='lat' dir='ltr'>Clara</span> <span class='ocrx_word' id='word_1_15' title='bbox 274 1350 402 1412; x_wconf 83' lang='lat' dir='ltr'>micante</span> <span class='ocrx_word' id='word_1_16' title='bbox 417 1368 499 1422; x_wconf 89' lang='lat' dir='ltr'>auro,</span> <span class='ocrx_word' id='word_1_17' title='bbox 515 1345 708 1428; x_wconf 84' lang='lat' dir='ltr'>flammasque</span> <span class='ocrx_word' id='word_1_18' title='bbox 724 1346 856 1408; x_wconf 83' lang='lat' dir='ltr'>imitante</span> <span class='ocrx_word' id='word_1_19' title='bbox 872 1365 1005 1428; x_wconf 83' lang='lat' dir='ltr'>pyropo:</span> 
     </span>
    </p>

    <p class='ocr_par' dir='ltr' id='par_1_7' title="bbox 168 1443 904 1531">
     <span class='ocr_line' id='line_1_7' title="bbox 168 1443 904 1531; baseline -0.004 -22"><span class='ocrx_word' id='word_1_20' title='bbox 168 1444 266 1531; x_wconf 86' lang='lat' dir='ltr'>Cujus</span> <span class='ocrx_word' id='word_1_21' title='bbox 281 1446 355 1507; x_wconf 92' lang='lat' dir='ltr'>ebur</span> <span class='ocrx_word' id='word_1_22' title='bbox 369 1445 493 1507; x_wconf 89' lang='lat' dir='ltr'>nitidum</span> <span class='ocrx_word' id='word_1_23' title='bbox 509 1443 623 1526; x_wconf 83' lang='lat' dir='ltr'>fastigia</span> <span class='ocrx_word' id='word_1_24' title='bbox 636 1465 753 1506; x_wconf 92' lang='lat' dir='ltr'>summa</span> <span class='ocrx_word' id='word_1_25' title='bbox 767 1443 904 1506; x_wconf 87' lang='lat' dir='ltr'>tenebat:</span> 
     </span>
    </p>

    <p class='ocr_par' dir='ltr' id='par_1_8' title="bbox 169 1542 830 1626">
     <span class='ocr_line' id='line_1_8' title="bbox 169 1542 830 1626; baseline -0.003 -20"><span class='ocrx_word' id='word_1_26' title='bbox 169 1544 295 1626; x_wconf 81' lang='lat' dir='ltr'><strong>Argenti</strong></span> <span class='ocrx_word' id='word_1_27' title='bbox 310 1542 418 1606; x_wconf 80' lang='lat' dir='ltr'>bifores</span> <span class='ocrx_word' id='word_1_28' title='bbox 432 1543 584 1605; x_wconf 84' lang='lat' dir='ltr'>radiabant</span> <span class='ocrx_word' id='word_1_29' title='bbox 599 1542 710 1604; x_wconf 91' lang='lat' dir='ltr'>lumine</span> <span class='ocrx_word' id='word_1_30' title='bbox 727 1542 830 1604; x_wconf 86' lang='lat' dir='ltr'>valvae.</span> 
     </span>
    </p>

    <p class='ocr_par' dir='ltr' id='par_1_9' title="bbox 169 1641 1153 1726">
     <span class='ocr_line' id='line_1_9' title="bbox 169 1641 1153 1726; baseline -0.005 -15"><span class='ocrx_word' id='word_1_31' title='bbox 169 1642 327 1711; x_wconf 77' lang='lat' dir='ltr'>Materiem</span> <span class='ocrx_word' id='word_1_32' title='bbox 343 1644 501 1726; x_wconf 89' lang='lat' dir='ltr'>superabat</span> <span class='ocrx_word' id='word_1_33' title='bbox 515 1664 601 1725; x_wconf 89' lang='lat' dir='ltr'>opus,</span> <span class='ocrx_word' id='word_1_34' title='bbox 617 1664 685 1704; x_wconf 89' lang='lat' dir='ltr'>nam</span> <span class='ocrx_word' id='word_1_35' title='bbox 702 1641 852 1704; x_wconf 85' lang='lat' dir='ltr'>Mulciber</span> <span class='ocrx_word' id='word_1_36' title='bbox 866 1641 925 1706; x_wconf 77' lang='lat' dir='ltr'>illic</span> <span class='ocrx_word' id='word_1_37' title='bbox 1130 1643 1153 1706; x_wconf 78' lang='grc' dir='ltr'><strong>ὅ</strong></span> 
     </span>
    </p>

    <p class='ocr_par' dir='ltr' id='par_1_10' title="bbox 168 1724 852 1826">
     <span class='ocr_line' id='line_1_10' title="bbox 168 1724 852 1826; baseline -0.006 -21"><span class='ocrx_word' id='word_1_38' title='bbox 168 1724 302 1826; x_wconf 81' lang='lat' dir='ltr'>AEqirora</span> <span class='ocrx_word' id='word_1_39' title='bbox 317 1742 445 1817; x_wconf 66' lang='lat' dir='ltr'>celarat,</span> <span class='ocrx_word' id='word_1_40' title='bbox 460 1741 572 1804; x_wconf 89' lang='lat' dir='ltr'>medias</span> <span class='ocrx_word' id='word_1_41' title='bbox 587 1741 735 1822; x_wconf 83' lang='lat' dir='ltr'>cingentia</span> <span class='ocrx_word' id='word_1_42' title='bbox 751 1757 852 1816; x_wconf 90' lang='lat' dir='ltr'>terras,</span> 
     </span>
    </p>

    <p class='ocr_par' dir='ltr' id='par_1_11' title="bbox 145 1837 1049 1924">
     <span class='ocr_line' id='line_1_11' title="bbox 145 1837 1049 1924; baseline -0.002 -22"><span class='ocrx_word' id='word_1_43' title='bbox 145 1865 149 1872; x_wconf 94' lang='lat'>·</span> <span class='ocrx_word' id='word_1_44' title='bbox 168 1839 390 1924; x_wconf 82' lang='lat' dir='ltr'>Terrarumque</span> <span class='ocrx_word' id='word_1_45' title='bbox 405 1841 518 1915; x_wconf 85' lang='lat' dir='ltr'>orbem,</span> <span class='ocrx_word' id='word_1_46' title='bbox 534 1840 717 1921; x_wconf 83' lang='lat' dir='ltr'>coelumque,</span> <span class='ocrx_word' id='word_1_47' title='bbox 733 1839 811 1922; x_wconf 92' lang='lat' dir='ltr'>quod</span> <span class='ocrx_word' id='word_1_48' title='bbox 828 1839 961 1902; x_wconf 87' lang='lat' dir='ltr'>imminet</span> <span class='ocrx_word' id='word_1_49' title='bbox 975 1837 1049 1903; x_wconf 91' lang='lat' dir='ltr'>orbi.</span> 
     </span>
    </p>

    <p class='ocr_par' dir='ltr' id='par_1_12' title="bbox 168 1937 936 2015">
     <span class='ocr_line' id='line_1_12' title="bbox 168 1937 936 2015; baseline -0.004 -13"><span class='ocrx_word' id='word_1_50' title='bbox 168 1937 321 2002; x_wconf 81' lang='lat' dir='ltr'>Caeruleos</span> <span class='ocrx_word' id='word_1_51' title='bbox 336 1939 426 2001; x_wconf 91' lang='lat' dir='ltr'>habet</span> <span class='ocrx_word' id='word_1_52' title='bbox 441 1939 520 1999; x_wconf 90' lang='lat' dir='ltr'>unda</span> <span class='ocrx_word' id='word_1_53' title='bbox 532 1938 622 2013; x_wconf 91' lang='lat' dir='ltr'>deos;</span> <span class='ocrx_word' id='word_1_54' title='bbox 645 1937 768 1999; x_wconf 88' lang='lat' dir='ltr'>Tritona</span> <span class='ocrx_word' id='word_1_55' title='bbox 783 1959 936 2015; x_wconf 87' lang='lat' dir='ltr'>canorum,</span> 
     </span>
    </p>

    <p class='ocr_par' dir='ltr' id='par_1_13' title="bbox 170 2035 991 2120">
     <span class='ocr_line' id='line_1_13' title="bbox 170 2035 991 2120; baseline -0.001 -21"><span class='ocrx_word' id='word_1_56' title='bbox 170 2035 338 2120; x_wconf 85' lang='lat' dir='ltr'>Proteaque</span> <span class='ocrx_word' id='word_1_57' title='bbox 354 2038 536 2119; x_wconf 90' lang='lat' dir='ltr'>ambiguum,</span> <span class='ocrx_word' id='word_1_58' title='bbox 551 2036 788 2118; x_wconf 76' lang='lat' dir='ltr'>balaenarumque</span> <span class='ocrx_word' id='word_1_59' title='bbox 804 2053 991 2120; x_wconf 87' lang='lat' dir='ltr'>prementem</span> 
     </span>
    </p>

    <p class='ocr_par' dir='ltr' id='par_1_14' title="bbox 167 2134 1152 2216">
     <span class='ocr_line' id='line_1_14' title="bbox 167 2134 1152 2216; baseline 0.001 -19"><span class='ocrx_word' id='word_1_60' title='bbox 167 2134 311 2216; x_wconf 85' lang='lat' dir='ltr'>AEgaeona</span> <span class='ocrx_word' id='word_1_61' title='bbox 325 2135 385 2198; x_wconf 91' lang='lat' dir='ltr'>suis</span> <span class='ocrx_word' id='word_1_62' title='bbox 401 2135 540 2197; x_wconf 92' lang='lat' dir='ltr'>immania</span> <span class='ocrx_word' id='word_1_63' title='bbox 555 2150 636 2216; x_wconf 89' lang='lat' dir='ltr'>terga</span> <span class='ocrx_word' id='word_1_64' title='bbox 652 2135 778 2211; x_wconf 89' lang='lat' dir='ltr'>lacertis,</span> <span class='ocrx_word' id='word_1_65' title='bbox 1112 2136 1152 2198; x_wconf 89' lang='lat'>10</span> 
     </span>
    </p>

    <p class='ocr_par' dir='ltr' id='par_1_15' title="bbox 167 2231 1024 2316">
     <span class='ocr_line' id='line_1_15' title="bbox 167 2231 1024 2316; baseline 0.001 -22"><span class='ocrx_word' id='word_1_66' title='bbox 167 2231 353 2316; x_wconf 89' lang='lat' dir='ltr'>Doridaque,</span> <span class='ocrx_word' id='word_1_67' title='bbox 369 2248 399 2295; x_wconf 87' lang='lat' dir='ltr'>et</span> <span class='ocrx_word' id='word_1_68' title='bbox 414 2250 513 2295; x_wconf 89' lang='lat' dir='ltr'>natas:</span> <span class='ocrx_word' id='word_1_69' title='bbox 539 2254 660 2315; x_wconf 89' lang='lat' dir='ltr'>quarum</span> <span class='ocrx_word' id='word_1_70' title='bbox 679 2253 744 2313; x_wconf 87' lang='lat' dir='ltr'>pars</span> <span class='ocrx_word' id='word_1_71' title='bbox 761 2253 829 2292; x_wconf 91' lang='lat' dir='ltr'>nare</span> <span class='ocrx_word' id='word_1_72' title='bbox 846 2232 993 2309; x_wconf 86' lang='lat' dir='ltr'>videntur,</span> <span class='ocrx_word' id='word_1_73' title='bbox 1021 2303 1024 2306; x_wconf 50' lang='grc'><strong>,</strong></span> 
     </span>
    </p>

    <p class='ocr_par' dir='ltr' id='par_1_16' title="bbox 167 2329 906 2410">
     <span class='ocr_line' id='line_1_16' title="bbox 167 2329 906 2410; baseline -0.004 -18"><span class='ocrx_word' id='word_1_74' title='bbox 167 2329 241 2392; x_wconf 91' lang='lat' dir='ltr'>Pars</span> <span class='ocrx_word' id='word_1_75' title='bbox 257 2332 285 2392; x_wconf 91' lang='lat' dir='ltr'>in</span> <span class='ocrx_word' id='word_1_76' title='bbox 300 2331 379 2393; x_wconf 89' lang='lat' dir='ltr'>mole</span> <span class='ocrx_word' id='word_1_77' title='bbox 394 2332 501 2394; x_wconf 91' lang='lat' dir='ltr'>sedens</span> <span class='ocrx_word' id='word_1_78' title='bbox 519 2331 623 2392; x_wconf 85' lang='lat' dir='ltr'>virirles</span> <span class='ocrx_word' id='word_1_79' title='bbox 639 2331 749 2391; x_wconf 86' lang='lat' dir='ltr'>siccare</span> <span class='ocrx_word' id='word_1_80' title='bbox 765 2331 906 2410; x_wconf 72' lang='lat' dir='ltr'>capillos;</span> 
     </span>
    </p>

    <p class='ocr_par' dir='ltr' id='par_1_17' title="bbox 167 2409 968 2513">
     <span class='ocr_line' id='line_1_17' title="bbox 167 2409 968 2513; baseline -0.001 -23"><span class='ocrx_word' id='word_1_81' title='bbox 167 2425 256 2490; x_wconf 79' lang='lat' dir='ltr'>Pisce</span> <span class='ocrx_word' id='word_1_82' title='bbox 272 2409 340 2491; x_wconf 87' lang='lat' dir='ltr'>velri</span> <span class='ocrx_word' id='word_1_83' title='bbox 355 2430 501 2513; x_wconf 64' lang='lat' dir='ltr'>quedam.</span> <span class='ocrx_word' id='word_1_84' title='bbox 547 2427 654 2490; x_wconf 83' lang='lat' dir='ltr'>Facies</span> <span class='ocrx_word' id='word_1_85' title='bbox 671 2449 728 2487; x_wconf 93' lang='lat' dir='ltr'>non</span> <span class='ocrx_word' id='word_1_86' title='bbox 746 2427 881 2487; x_wconf 88' lang='lat' dir='ltr'>omuibus</span> <span class='ocrx_word' id='word_1_87' title='bbox 898 2448 968 2504; x_wconf 88' lang='lat' dir='ltr'>una,</span> 
     </span>
    </p>

    <p class='ocr_par' dir='ltr' id='par_1_18' title="bbox 167 2524 984 2609">
     <span class='ocr_line' id='line_1_18' title="bbox 167 2524 984 2609; baseline 0 -21"><span class='ocrx_word' id='word_1_88' title='bbox 167 2524 234 2588; x_wconf 89' lang='lat' dir='ltr'>Nee</span> <span class='ocrx_word' id='word_1_89' title='bbox 251 2527 366 2589; x_wconf 89' lang='lat' dir='ltr'>diversa</span> <span class='ocrx_word' id='word_1_90' title='bbox 381 2543 498 2589; x_wconf 89' lang='lat' dir='ltr'>tamen:</span> <span class='ocrx_word' id='word_1_91' title='bbox 523 2525 640 2609; x_wconf 80' lang='lat' dir='ltr'>qualem</span> <span class='ocrx_word' id='word_1_92' title='bbox 658 2525 745 2585; x_wconf 88' lang='lat' dir='ltr'>deeet</span> <span class='ocrx_word' id='word_1_93' title='bbox 761 2546 825 2584; x_wconf 85' lang='lat' dir='ltr'>esse</span> <span class='ocrx_word' id='word_1_94' title='bbox 841 2545 984 2588; x_wconf 90' lang='lat' dir='ltr'>somrum.</span> 
     </span>
    </p>

    <p class='ocr_par' dir='ltr' id='par_1_19' title="bbox 165 2621 1150 2706">
     <span class='ocr_line' id='line_1_19' title="bbox 165 2621 1150 2706; baseline -0.003 -20"><span class='ocrx_word' id='word_1_95' title='bbox 165 2623 262 2686; x_wconf 87' lang='lat' dir='ltr'>Terra</span> <span class='ocrx_word' id='word_1_96' title='bbox 279 2646 365 2701; x_wconf 82' lang='lat' dir='ltr'>viros,</span> <span class='ocrx_word' id='word_1_97' title='bbox 381 2625 528 2706; x_wconf 88' lang='lat' dir='ltr'>urbesque</span> <span class='ocrx_word' id='word_1_98' title='bbox 543 2623 627 2704; x_wconf 88' lang='lat' dir='ltr'>gerit,</span> <span class='ocrx_word' id='word_1_99' title='bbox 644 2622 802 2705; x_wconf 90' lang='lat' dir='ltr'>silvasque,</span> <span class='ocrx_word' id='word_1_100' title='bbox 819 2621 964 2706; x_wconf 88' lang='lat' dir='ltr'>serasque,</span> <span class='ocrx_word' id='word_1_101' title='bbox 1111 2628 1150 2690; x_wconf 80' lang='lat'>15</span> 
     </span>
    </p>

    <p class='ocr_par' dir='ltr' id='par_1_20' title="bbox 166 2719 1172 2806">
     <span class='ocr_line' id='line_1_20' title="bbox 166 2719 1172 2806; baseline 0 -22"><span class='ocrx_word' id='word_1_102' title='bbox 166 2719 377 2806; x_wconf 84' lang='lat' dir='ltr'>Fluminaque,</span> <span class='ocrx_word' id='word_1_103' title='bbox 393 2738 423 2784; x_wconf 91' lang='lat' dir='ltr'>et</span> <span class='ocrx_word' id='word_1_104' title='bbox 438 2722 597 2804; x_wconf 86' lang='lat' dir='ltr'>nymphas,</span> <span class='ocrx_word' id='word_1_105' title='bbox 613 2735 643 2781; x_wconf 90' lang='lat' dir='ltr'>et</span> <span class='ocrx_word' id='word_1_106' title='bbox 658 2736 763 2782; x_wconf 82' lang='lat' dir='ltr'>caetera</span> <span class='ocrx_word' id='word_1_107' title='bbox 779 2722 899 2783; x_wconf 89' lang='lat' dir='ltr'>numina</span> <span class='ocrx_word' id='word_1_108' title='bbox 914 2722 998 2784; x_wconf 74' lang='lat' dir='ltr'>ruris</span> <span class='ocrx_word' id='word_1_109' title='bbox 1169 2723 1172 2732; x_wconf 91' lang='grc'><strong><em>’</em></strong></span> 
     </span>
    </p>

    <p class='ocr_par' dir='ltr' id='par_1_21' title="bbox 166 2817 926 2903">
     <span class='ocr_line' id='line_1_21' title="bbox 166 2817 926 2903; baseline 0 -21"><span class='ocrx_word' id='word_1_110' title='bbox 166 2818 241 2882; x_wconf 86' lang='lat' dir='ltr'>Haee</span> <span class='ocrx_word' id='word_1_111' title='bbox 256 2841 347 2903; x_wconf 88' lang='lat' dir='ltr'>super</span> <span class='ocrx_word' id='word_1_112' title='bbox 361 2819 499 2902; x_wconf 83' lang='lat' dir='ltr'>imposita</span> <span class='ocrx_word' id='word_1_113' title='bbox 513 2833 558 2880; x_wconf 90' lang='lat' dir='ltr'>est</span> <span class='ocrx_word' id='word_1_114' title='bbox 573 2818 641 2880; x_wconf 90' lang='lat' dir='ltr'>eoeli</span> <span class='ocrx_word' id='word_1_115' title='bbox 659 2817 796 2899; x_wconf 81' lang='lat' dir='ltr'>fulgentis</span> <span class='ocrx_word' id='word_1_116' title='bbox 812 2820 926 2901; x_wconf 81' lang='lat' dir='ltr'>imago:</span> 
     </span>
    </p>

    <p class='ocr_par' dir='ltr' id='par_1_22' title="bbox 166 2915 996 3098">
     <span class='ocr_line' id='line_1_22' title="bbox 166 2915 996 3008; baseline 0.002 -28"><span class='ocrx_word' id='word_1_117' title='bbox 166 2917 318 3000; x_wconf 86' lang='lat' dir='ltr'>Signaque</span> <span class='ocrx_word' id='word_1_118' title='bbox 332 2938 387 2978; x_wconf 83' lang='lat' dir='ltr'>sex</span> <span class='ocrx_word' id='word_1_119' title='bbox 403 2915 512 2978; x_wconf 82' lang='lat' dir='ltr'>foribus</span> <span class='ocrx_word' id='word_1_120' title='bbox 527 2915 649 2992; x_wconf 62' lang='lat' dir='ltr'>dextris</span> <span class='ocrx_word' id='word_1_121' title='bbox 665 2916 848 3008; x_wconf 78' lang='lat' dir='ltr'>totidemque</span> <span class='ocrx_word' id='word_1_122' title='bbox 863 2917 996 2982; x_wconf 67' lang='lat' dir='ltr'>sinistris</span> 
     </span>
     <span class='ocr_line' id='line_1_23' title="bbox 208 3012 929 3098; baseline 0.004 -22"><span class='ocrx_word' id='word_1_123' title='bbox 208 3012 282 3086; x_wconf 67' lang='lat' dir='ltr'>Qui</span> <span class='ocrx_word' id='word_1_124' title='bbox 297 3013 382 3076; x_wconf 91' lang='lat' dir='ltr'>simul</span> <span class='ocrx_word' id='word_1_125' title='bbox 399 3012 513 3075; x_wconf 83' lang='lat' dir='ltr'>aeoliro</span> <span class='ocrx_word' id='word_1_126' title='bbox 528 3012 709 3095; x_wconf 54' lang='lat' dir='ltr'>Clymeneia</span> <span class='ocrx_word' id='word_1_127' title='bbox 724 3015 815 3076; x_wconf 90' lang='lat' dir='ltr'>limite</span> <span class='ocrx_word' id='word_1_128' title='bbox 833 3018 929 3098; x_wconf 88' lang='lat' dir='ltr'>proles</span> 
     </span>
    </p>

    <p class='ocr_par' dir='ltr' id='par_1_23' title="bbox 166 3110 847 3194">
     <span class='ocr_line' id='line_1_24' title="bbox 166 3110 847 3194; baseline 0.004 -21"><span class='ocrx_word' id='word_1_129' title='bbox 166 3110 269 3187; x_wconf 88' lang='lat' dir='ltr'>Venit,</span> <span class='ocrx_word' id='word_1_130' title='bbox 286 3126 316 3173; x_wconf 93' lang='lat' dir='ltr'>et</span> <span class='ocrx_word' id='word_1_131' title='bbox 331 3111 449 3173; x_wconf 87' lang='lat' dir='ltr'>intravit</span> <span class='ocrx_word' id='word_1_132' title='bbox 464 3111 587 3174; x_wconf 87' lang='lat' dir='ltr'>dubitati</span> <span class='ocrx_word' id='word_1_133' title='bbox 605 3128 682 3174; x_wconf 88' lang='lat' dir='ltr'>tecta</span> <span class='ocrx_word' id='word_1_134' title='bbox 699 3117 847 3194; x_wconf 81' lang='lat' dir='ltr'>parentis3</span> 
     </span>
    </p>

    <p class='ocr_par' dir='ltr' id='par_1_24' title="bbox 164 3209 890 3292">
     <span class='ocr_line' id='line_1_25' title="bbox 164 3209 890 3292; baseline 0.006 -21"><span class='ocrx_word' id='word_1_135' title='bbox 164 3209 305 3272; x_wconf 87' lang='lat' dir='ltr'>Protinus</span> <span class='ocrx_word' id='word_1_136' title='bbox 320 3209 356 3271; x_wconf 90' lang='lat' dir='ltr'>ad</span> <span class='ocrx_word' id='word_1_137' title='bbox 375 3211 481 3292; x_wconf 86' lang='lat' dir='ltr'>patrios</span> <span class='ocrx_word' id='word_1_138' title='bbox 496 3231 550 3271; x_wconf 89' lang='lat' dir='ltr'>sua</span> <span class='ocrx_word' id='word_1_139' title='bbox 565 3209 619 3272; x_wconf 89' lang='lat' dir='ltr'>sert</span> <span class='ocrx_word' id='word_1_140' title='bbox 634 3212 756 3292; x_wconf 85' lang='lat' dir='ltr'>vestigia</span> <span class='ocrx_word' id='word_1_141' title='bbox 773 3214 890 3275; x_wconf 86' lang='lat' dir='ltr'>vultus:</span> 
     </span>
    </p>

    <p class='ocr_par' dir='ltr' id='par_1_25' title="bbox 165 3306 1006 3392">
     <span class='ocr_line' id='line_1_26' title="bbox 165 3306 1006 3392; baseline 0.002 -21"><span class='ocrx_word' id='word_1_142' title='bbox 165 3306 370 3391; x_wconf 89' lang='lat' dir='ltr'>Consistitque</span> <span class='ocrx_word' id='word_1_143' title='bbox 389 3307 506 3389; x_wconf 86' lang='lat' dir='ltr'>procul:</span> <span class='ocrx_word' id='word_1_144' title='bbox 532 3308 724 3391; x_wconf 90' lang='lat' dir='ltr'>nequeenim</span> <span class='ocrx_word' id='word_1_145' title='bbox 742 3311 878 3392; x_wconf 82' lang='lat' dir='ltr'>propiora</span> <span class='ocrx_word' id='word_1_146' title='bbox 894 3310 1006 3374; x_wconf 85' lang='lat' dir='ltr'>serebat</span> 
     </span>
    </p>

    <p class='ocr_par' dir='ltr' id='par_1_26' title="bbox 165 3403 877 3488">
     <span class='ocr_line' id='line_1_27' title="bbox 165 3403 877 3488; baseline 0.006 -22"><span class='ocrx_word' id='word_1_147' title='bbox 165 3404 306 3466; x_wconf 87' lang='lat' dir='ltr'>Lumina.</span> <span class='ocrx_word' id='word_1_148' title='bbox 353 3403 509 3488; x_wconf 80' lang='lat' dir='ltr'>Purpurea</span> <span class='ocrx_word' id='word_1_149' title='bbox 525 3406 639 3467; x_wconf 84' lang='lat' dir='ltr'>velatus</span> <span class='ocrx_word' id='word_1_150' title='bbox 657 3422 738 3469; x_wconf 89' lang='lat' dir='ltr'>veste</span> <span class='ocrx_word' id='word_1_151' title='bbox 754 3409 877 3471; x_wconf 89' lang='lat' dir='ltr'>sedebat</span> 
     </span>
    </p>

    <p class='ocr_par' dir='ltr' id='par_1_27' title="bbox 166 3502 874 3588">
     <span class='ocr_line' id='line_1_28' title="bbox 166 3502 874 3588; baseline 0.004 -23"><span class='ocrx_word' id='word_1_152' title='bbox 166 3502 201 3565; x_wconf 93' lang='lat' dir='ltr'>ln</span> <span class='ocrx_word' id='word_1_153' title='bbox 216 3504 290 3566; x_wconf 91' lang='lat' dir='ltr'>solio</span> <span class='ocrx_word' id='word_1_154' title='bbox 306 3502 451 3580; x_wconf 88' lang='lat' dir='ltr'>Phoebus,</span> <span class='ocrx_word' id='word_1_155' title='bbox 466 3503 552 3566; x_wconf 89' lang='lat' dir='ltr'>elaris</span> <span class='ocrx_word' id='word_1_156' title='bbox 568 3504 687 3566; x_wconf 84' lang='lat' dir='ltr'>lucente</span> <span class='ocrx_word' id='word_1_157' title='bbox 702 3506 874 3588; x_wconf 90' lang='lat' dir='ltr'>smaragdis.</span> 
     </span>
    </p>

    <p class='ocr_par' dir='ltr' id='par_1_28' title="bbox 164 3599 947 3686">
     <span class='ocr_line' id='line_1_29' title="bbox 164 3599 947 3686; baseline 0.005 -24"><span class='ocrx_word' id='word_1_158' title='bbox 164 3600 195 3662; x_wconf 88' lang='lat' dir='ltr'><strong>A</strong></span> <span class='ocrx_word' id='word_1_159' title='bbox 209 3599 327 3676; x_wconf 63' lang='lat' dir='ltr'>dextra,</span> <span class='ocrx_word' id='word_1_160' title='bbox 342 3600 477 3686; x_wconf 70' lang='lat' dir='ltr'>levique</span> <span class='ocrx_word' id='word_1_161' title='bbox 493 3600 580 3678; x_wconf 89' lang='lat' dir='ltr'>Dies,</span> <span class='ocrx_word' id='word_1_162' title='bbox 596 3615 627 3664; x_wconf 90' lang='lat' dir='ltr'>et</span> <span class='ocrx_word' id='word_1_163' title='bbox 641 3600 769 3679; x_wconf 88' lang='lat' dir='ltr'>Mensis,</span> <span class='ocrx_word' id='word_1_164' title='bbox 784 3617 815 3666; x_wconf 89' lang='lat' dir='ltr'>et</span> <span class='ocrx_word' id='word_1_165' title='bbox 829 3604 947 3682; x_wconf 84' lang='lat' dir='ltr'>Annus,</span> 
     </span>
    </p>
   </div>
   <div class='ocr_carea' id='block_1_6' title="bbox 0 0 1290 4242">
    <p class='ocr_par' dir='ltr' id='par_1_29' title="bbox 0 0 1290 4242">
     <span class='ocr_line' id='line_1_30' title="bbox 0 0 1290 4242; baseline 0 1"><span class='ocrx_word' id='word_1_166' title='bbox 0 0 1290 4242; x_wconf 95' lang='lat' dir='ltr'> </span> 
     </span>
    </p>
   </div>
  </div>
 </body>
</html>
