2568 4248
170 412 231 474 118
481 417 825 482 uurnmonruosuou

167 568 313 646 Sustinui3
334 581 502 652 sortemque
517 589 616 668 mvn
629 569 760 646 vovistis,
774 568 901 632 Achivi:

166 663 208 728 Et
222 679 326 728 vestre
341 665 460 728 valuere
474 687 589 750 preces.
635 665 668 728 si
683 664 809 750 queritis
823 665 911 750 hujus
962 709 992 752 5

166 762 330 826 Fortunam
345 784 471 846 pugnae3
492 784 551 824 non
565 784 632 824 snm
645 777 799 846 superatus
814 763 852 825 ab
866 763 928 826 illo.
1102 769 1150 832 90

209 859 292 924 Ecce
307 859 402 922 ferunt
416 859 514 923 Trois
529 859 707 944 ferrumque,
722 860 891 944 ignemque,
906 859 1080 946 lovemque

166 956 203 1020 In
217 956 338 1020 Danaas
352 957 476 1020 classes:
499 956 550 1018 ubi
563 977 642 1018 nunc
657 956 799 1019 facundus
814 956 961 1040 Ulysses?

167 1052 288 1139 Nempe
303 1076 361 1138 ego
374 1056 455 1118 mille
469 1077 539 1117 meo
554 1055 670 1138 protexi
684 1069 806 1137 pectore
820 1076 948 1140 puppes,

167 1152 262 1237 Spem
277 1155 366 1218 vestri
380 1153 501 1216 reditus.
545 1151 626 1216 Date
642 1166 685 1215 tot
699 1174 753 1235 pro
768 1153 891 1215 navibus
905 1175 996 1216 arma.

210 1250 304 1325 Quod
319 1251 343 1313 si
358 1271 428 1312 vera
441 1249 511 1312 licet
524 1249 596 1312 mihi
611 1249 727 1326 dicere3
750 1249 885 1334 queritur
898 1250 970 1329 istis,
1100 1255 1147 1316 95

167 1347 271 1422 Quam
285 1348 368 1425 mihi,
383 1347 476 1432 major
490 1347 601 1410 honos:
633 1345 849 1431 conjunctaque
864 1348 956 1429 gloria
970 1361 1071 1412 nostra
1086 1363 1146 1428 est,

167 1445 269 1528 Atque
283 1445 366 1529 Ajax
380 1445 477 1520 armis,
492 1466 552 1506 non
566 1444 653 1528 Ajaci
669 1465 750 1507 arma
760 1458 911 1528 petuntur.

209 1539 354 1605 Conferat
368 1542 412 1604 his
427 1541 547 1604 Ithacus
562 1541 711 1620 Rhesum,
726 1543 937 1627 imbellemque
952 1542 1086 1620 Dolona,

167 1637 394 1722 Priamidenque
410 1636 561 1700 Helenum
575 1639 660 1723 rapti
673 1661 742 1702 cum
757 1638 881 1702 Pallade
896 1653 1030 1724 captum.

167 1735 252 1798 Luce
266 1735 338 1798 nihil
353 1749 480 1817 gestum,
495 1735 569 1797 nihil
584 1750 629 1799 est
644 1736 794 1800 Diomede
809 1751 939 1800 remoto:
1082 1742 1146 1802 100

167 1833 200 1896 Si
214 1834 307 1896 semel
321 1834 375 1896 ista
390 1833 464 1896 datis
478 1834 588 1896 meritis
603 1848 665 1895 tam
680 1835 784 1897 vilibus
799 1855 896 1911 arma;

167 1931 317 1995 Dividite:
340 1945 372 1993 et
385 1931 478 2016 major
493 1953 559 2014 pars
573 1931 610 1993 sit
625 1931 780 1994 Diomedis
795 1932 825 1994 in
839 1933 905 1994 illis.

209 2027 283 2103 Quo
297 2042 397 2092 tamen
412 2029 476 2093 haec
491 2027 615 2092 Ithaco?
638 2027 791 2113 quidalm,
807 2029 856 2113 qui
870 2049 989 2114 semper
1002 2028 1124 2092 inermis

166 2125 248 2188 Rem
262 2127 354 2209 gerit:
377 2140 408 2189 et
423 2124 505 2188 furtis
519 2127 668 2188 incautum
684 2126 795 2209 decipit
810 2126 948 2190 hostem?

166 2223 235 2306 lpse
250 2224 327 2286 nitor
340 2223 444 2306 galea,
459 2225 539 2286 claro
554 2223 689 2285 radiantis
704 2222 742 2284 ab
758 2244 839 2300 auro,
1082 2224 1145 2286 105

166 2319 288 2384 Insidias
302 2321 418 2404 prodet,
433 2321 687 2404 manifestabitque
702 2321 853 2384 latentem.

166 2415 228 2478 Sed
242 2437 340 2499 neque
355 2415 513 2478 Dulichius
528 2418 582 2478 sub
597 2415 721 2478 Achillis
736 2417 849 2478 casside
865 2430 970 2480 vertex

165 2512 304 2574 Pondera
318 2525 399 2574 tanta
414 2512 504 2575 seret:
528 2534 584 2575 nec
599 2535 658 2575 non
673 2535 797 2576 onerosa
815 2513 968 2598 gravisque

165 2608 264 2672 Pelias
280 2630 345 2672 esse
360 2625 457 2694 potest
472 2610 637 2672 imbellibus
653 2611 737 2672 hasta
751 2610 886 2673 lacertis:

165 2704 232 2771 Nec
246 2707 383 2794 clypeus,
400 2709 473 2772 vasti
487 2708 605 2771 caelatus
621 2709 748 2790 imagine
764 2707 877 2784 mundi,

165 2805 335 2872 Conveniet
349 2809 467 2886 timidae,
482 2822 616 2890 nataeque
631 2806 668 2868 ad
683 2804 759 2868 sorta
773 2806 903 2868 sinistrae.

164 2904 395 2969 Debilitaturum
411 2906 481 2991 quid
497 2919 525 2967 te
542 2906 628 2987 petis,
644 2902 786 2986 improbe,
802 2903 929 2964 munus?

164 3002 257 3077 Quod
272 3005 324 3066 tibi
338 3005 363 3066 si
378 3003 479 3086 populi
495 3003 646 3064 donaverit
661 3022 740 3063 error
754 3001 873 3078 Achivi,

164 3099 230 3162 Cur
243 3101 385 3182 spolieris,
400 3100 471 3173 erit3
493 3120 563 3173 non,
579 3120 632 3160 cur
646 3099 784 3160 metuaris
799 3099 836 3160 ab
851 3099 947 3162 hoste.

165 3195 205 3258 Et
221 3194 287 3278 fuga
307 3195 382 3280 (qud
395 3195 458 3258 sold
473 3208 605 3270 cunctos,
621 3195 813 3272 timidissime,
829 3195 935 3283 vincis)

164 3293 266 3356 Tarda
280 3293 376 3356 sutura
390 3293 441 3354 tibi
456 3305 511 3368 est,
527 3292 689 3373 gestamina
703 3306 784 3356 tanta
798 3294 936 3357 trahenti.

166 3392 266 3470 Adde,
282 3391 361 3476 qubd
376 3391 429 3453 iste
445 3404 523 3467 tuus,
538 3404 598 3452 tam
613 3389 678 3452 rard
694 3393 797 3474 proelia
812 3414 926 3476 passm,

168 3490 285 3572 integer
296 3503 342 3552 est
355 3488 496 3572 clypeus:
519 3501 629 3566 nostro,
644 3487 693 3572 qui
709 3489 768 3552 tela
782 3489 905 3552 serendo
