2568 4248
160 385 224 448 164
553 389 747 440 Heeornee.

157 543 258 607 Omne
272 541 348 606 letus
362 553 446 605 terre
459 539 551 622 cingit
564 560 657 603 mare.
703 537 814 603 Navita
827 558 993 624 nmqurmr

201 638 293 704 Nulla
308 659 363 724 per
377 637 529 721 ambiguae
544 637 654 721 puppis
668 637 743 700 iture
758 636 830 700 vies.

159 737 256 820 Finge
271 737 333 800 deri
347 735 531 820 comitesque
547 735 630 812 mihi,
646 749 822 819 ventosque,
837 748 1013 820 mtemque;

166 869 168 874 ·
201 835 288 910 Quid
302 835 429 919 sequar?
475 835 624 899 Aeeessus
640 847 716 895 terra
731 846 856 916 paterne
869 846 969 916 neget.

159 933 204 998 Ut
218 946 280 996 rate
295 930 372 995 felici
388 943 494 1015 pecata
507 952 562 1014 per
576 952 692 1016 equore
706 930 807 1008 labam
1100 930 1144 994 65

200 1031 367 1116 Temperet
380 1042 414 1092 ut
429 1042 533 1091 ventos
547 1028 671 1106 AEolus;
694 1029 781 1091 exsul
795 1051 857 1092 ero.

160 1128 230 1195 Non
245 1151 302 1212 ego
316 1143 357 1207 te,
373 1126 478 1205 Crete,
491 1140 613 1190 eentum
628 1126 742 1209 digesta
757 1149 811 1210 per
824 1127 923 1205 urbes,

204 1227 390 1312 Adspiciunt,
405 1247 499 1311 puero
513 1225 630 1307 cognita
644 1239 721 1288 terre
735 1223 817 1288 Jovi.

160 1325 190 1389 N
193 1348 241 1389 am
256 1338 350 1410 peter,
365 1337 396 1388 et
409 1323 496 1387 tellus
506 1322 588 1408 justo
601 1337 723 1406 regnata
737 1324 862 1407 parenti,

203 1423 325 1485 Pmdita
339 1434 407 1485 sunt
422 1419 512 1499 sacto,
526 1421 645 1483 nomina
658 1443 736 1499 eura,
752 1443 831 1484 meo.

160 1518 242 1584 Cdm
258 1519 320 1596 tibi,
335 1540 374 1583 ue
389 1519 482 1582 vietor
495 1531 574 1582 tecto
588 1539 736 1584 morerere
750 1541 886 1596 recurvo,
976 1565 984 1576 .

204 1617 283 1692 Quae
298 1630 434 1700 regerent
449 1638 550 1701 passus
564 1638 619 1701 pro
633 1617 709 1680 duee
724 1617 773 1681 file
788 1617 867 1680 dedi.

162 1713 245 1779 Cium
258 1715 330 1778 mihi
345 1714 474 1792 dicebas,
490 1713 570 1778 ‘Per
584 1736 640 1797 ego
654 1716 719 1799 ipsa
734 1715 865 1799 pericula
876 1714 954 1800 juro,

204 1812 254 1877 Te
270 1812 343 1892 fore,
359 1812 430 1875 dum
445 1814 577 1876 nostrrim
592 1814 673 1877 vivet
687 1828 822 1898 uterque,
837 1813 957 1877 meam?

163 1909 317 1974 Vivimus:
341 1924 372 1974 et
385 1932 445 1974 non
460 1932 537 1989 sum,
551 1910 686 1989 Theseu,
702 1925 770 1975 tua:
793 1912 817 1975 si
832 1911 922 1974 modd
937 1910 1021 1989 vivis,
1099 1911 1145 1974 ⁷5

205 2007 356 2088 Foemineq
371 2008 480 2095 perjuri
495 2007 596 2072 fraude
611 2009 728 2094 sepulta
744 2010 806 2072 viri.
927 2092 931 2098 ἡ

161 2105 215 2172 Me
231 2129 360 2194 quoque,
375 2107 436 2193 qui
449 2107 578 2187 fratrem,
592 2109 764 2186 mammem,
779 2109 923 2192 improbe,
937 2105 1035 2172 oleri.

204 2205 304 2284 Esset,
320 2227 408 2290 quam
423 2205 558 2286 dederas,
572 2221 666 2271 morte
681 2206 777 2270 solute
791 2205 874 2270 fides.

162 2303 253 2369 Nune
267 2326 324 2387 ego
338 2325 398 2366 uon
413 2305 539 2383 tannim,
554 2326 619 2389 quae
633 2327 700 2368 sum
715 2327 845 2389 passure,
860 2303 1018 2383 recordor3

205 2401 266 2466 Sed
281 2422 466 2487 quecunque
480 2415 580 2484 potest
593 2403 653 2466 ulla
667 2402 769 2466 relicta
783 2401 856 2486 pati.
1100 2403 1147 2466 80

162 2500 334 2562 Occurrunt
348 2499 448 2561 animo
462 2500 605 2582 pereundi
620 2502 700 2563 mille
715 2501 831 2584 figure:

205 2594 349 2680 Morsque
363 2595 460 2660 minus
474 2618 582 2682 poene,
598 2599 688 2683 qu'am
702 2621 785 2662 mora
799 2599 913 2679 mortis,
926 2599 1029 2664 hebet.

111 2703 112 2706 ’
162 2693 231 2759 Jam
243 2692 307 2781 jem
320 2708 460 2758 ventums
475 2708 526 2759 aut
540 2695 609 2775 hic,
625 2710 676 2758 eut
689 2698 823 2781 suspicor
837 2698 915 2776 illtc,

206 2792 271 2867 Qui
284 2793 397 2856 lanient
411 2793 498 2857 avido
514 2793 626 2857 viscera
640 2794 742 2872 dente,
756 2795 854 2878 lupos.
902 2829 906 2849 ι

162 2890 301 2956 Forsitan
315 2905 347 2955 et
361 2890 456 2954 fulvos
472 2893 559 2956 tellus
574 2894 632 2956 aiat
647 2893 702 2956 ista
715 2894 828 2956 leones.
1099 2891 1147 2957 85

206 2988 286 3063 Quis
300 2989 367 3066 scit,
382 3010 419 3051 an
434 2989 497 3053 haec
511 3011 603 3054 saevas
618 2991 736 3073 tigridas
751 2992 847 3062 insule
859 2991 970 3055 hebeti

164 3085 206 3150 Et
220 3085 295 3148 freta
309 3086 446 3148 dicuntur
459 3108 580 3170 magnas
595 3090 747 3171 expellere
762 3090 884 3174 phocas.

207 3181 292 3256 Quid
307 3196 388 3246 vetat
403 3196 434 3245 et
448 3184 560 3266 gladios
575 3187 718 3269 perlatus
733 3188 775 3251 ire
789 3189 914 3252 meum?

163 3279 296 3344 Tantim
311 3301 349 3343 ne
365 3281 471 3364 religer
485 3281 560 3346 duri
572 3285 692 3368 captive
705 3287 830 3364 catemi;

207 3377 295 3443 Neve
309 3380 424 3443 trahem
438 3381 525 3444 servi
538 3383 659 3465 grandia
673 3406 765 3468 pensa
777 3407 884 3449 manu:
1104 3387 1151 3451 90

164 3477 225 3542 Cui
240 3491 324 3562 pater
338 3491 383 3542 est
398 3476 510 3556 Minoe,
525 3481 573 3544 cui
588 3495 682 3546 meter
695 3482 754 3546 filie
767 3482 896 3548 Phoebi:

207 3571 360 3660 Quodque
374 3574 467 3659 magis
480 3577 611 3657 memini,
627 3601 690 3665 quae
706 3581 758 3644 tibi
773 3594 861 3664 pecte
874 3577 927 3645 firi.
