2572 4242
557 357 749 414 [dmm.
1093 357 1136 425 ὅ
1227 348 1232 358 ’

155 507 553 593 unamquamquam:
575 509 782 594 indefletaeque
798 525 943 594 vagantur

156 603 302 670 Natarum
316 621 503 693 mauurnque
518 607 631 684 mune,
642 606 847 694 iuvenumque
864 629 1047 696 senumque:

155 699 225 768 Nec
239 705 322 767 loeus
335 705 365 767 io
380 704 519 780 tumulos,
533 725 590 768 neo
603 705 710 769 sufficit
724 707 809 770 arbor
822 707 851 770 in
866 707 960 790 ignes.

200 800 353 865 Attonitus
368 814 451 864 tanto
464 801 634 864 miserarum
649 802 764 866 turbiue
778 823 887 881 rerum,

156 897 305 982 “Jupiter
318 898 372 976 ὀ,”
387 898 460 976 dixi,
475 905 497 936 ‘⁶
508 897 533 962 si
548 919 607 962 nou
622 898 715 981 pudet
729 919 795 963 esse
810 915 982 984 parentem
1067 905 1132 970 ωδ

156 994 222 1058 Aut
234 995 306 1059 mibi
321 996 413 1059 redde
427 1015 520 1072 meos,
534 1009 586 1060 aut
599 1015 649 1058 me
664 1015 782 1081 quoque
797 999 893 1062 conde
907 999 1077 1084 sepulcro.”

154 1091 212 1156 Ille
226 1107 325 1157 uotam
340 1092 453 1176 turgore
467 1093 560 1172 dedit,
573 1092 742 1178 tonitruque
757 1095 900 1159 seeundo.

155 1197 177 1228 ‘⁸
185 1190 323 1274 Accipio,
338 1191 455 1276 sintque
471 1205 525 1254 sta
539 1211 645 1275 precor
658 1188 753 1254 felicia
767 1193 874 1256 meotis

154 1286 248 1371 Signa
260 1289 349 1364 tue,'’
365 1289 444 1352 dixi:
468 1296 488 1327 “
497 1289 576 1374 quod
592 1289 644 1352 das
659 1289 740 1366 mihi,
754 1289 901 1374 pigneror,
915 1293 1039 1356 oroeu.”

196 1385 290 1448 Forte
305 1385 359 1449 tuit
368 1385 458 1471 juxti
470 1387 577 1471 patulis
591 1387 736 1450 rarissima
749 1388 846 1465 ramis,
860 1429 863 1437 ι
1065 1391 1130 1457 210

153 1479 246 1546 Sacra
259 1482 339 1560 Jori,
354 1505 480 1569 quereus
494 1485 532 1547 de
546 1484 659 1546 semiue
675 1483 840 1548 Dodonaeo.

152 1577 215 1642 on
229 1603 283 1643 nos
298 1580 452 1664 frugilegas
465 1581 656 1665 adspeximus
670 1582 786 1664 agmine
800 1583 888 1666 longo

152 1675 275 1768 Grande
289 1699 363 1740 onus
377 1679 487 1761 exiguo
501 1677 636 1742 formicas
650 1699 700 1742 ore
715 1693 863 1760 gerentes,

151 1771 338 1859 Rugosoque
351 1797 437 1838 suum
452 1790 604 1839 servantes
617 1775 726 1839 cortice
739 1776 860 1840 callem:

101 1897 104 1905 ¹
151 1869 237 1933 Dum
251 1893 407 1936 numerum
421 1873 520 1950 miror,
535 1879 555 1911 “
564 1871 716 1950 Totidem,
731 1886 816 1956 pater
829 1873 974 1956 optime,”
989 1874 1063 1954 dixi,

152 1975 171 2005 “
181 1966 232 2031 Tu
247 1969 321 2032 mihi
336 1969 373 2033 de
386 1969 485 2034 cives:
508 1984 540 2033 et
553 1971 650 2034 inania
665 1971 776 2033 moenia
789 1971 905 2053 reple.'’
1063 1975 1127 2040 216

151 2065 317 2143 Intremuit,
331 2068 478 2151 ramisque
491 2089 595 2130 sonum
610 2067 674 2130 siue
689 2066 807 2130 flamine
822 2067 909 2130 motis

150 2163 224 2226 Alta
238 2163 320 2227 dedit
334 2185 469 2250 quereus.
513 2162 630 2228 Pavido
642 2163 715 2228 mibi
730 2163 862 2227 membra
877 2165 981 2229 timore

150 2259 344 2339 Hormerant,
358 2262 532 2346 stabantque
545 2283 649 2325 come
692 2259 811 2324 Tamen
826 2261 927 2326 oscula
939 2275 1033 2342 terre,

149 2357 378 2446 Roboribusque
393 2359 480 2422 dedi:
496 2380 552 2422 neo
567 2380 616 2422 me
630 2355 748 2443 aperar'a
763 2357 892 2438 fatebar3
1062 2363 1127 2429 220

149 2455 314 2541 Sperabam
329 2470 445 2520 umen:
468 2469 557 2541 atque
572 2457 670 2520 anino
683 2477 751 2520 mea
766 2471 835 2522 vota
849 2457 997 2524 fovebam.

148 2591 176 2620 ,ι
192 2553 265 2617 Nox
279 2555 372 2618 subit:
395 2567 427 2618 et
440 2553 517 2618 cutis
531 2553 662 2618 exercita
675 2575 799 2638 corpora
813 2577 934 2620 somnus
1008 2625 1013 2634 ⁴

148 2649 300 2735 Occupat.
344 2651 427 2715 Ante
441 2651 543 2715 oeulos
557 2651 662 2715 eadem
677 2653 749 2715 mihi
764 2673 889 2736 quereus
903 2653 1018 2732 ederae,
1101 2677 1105 2684 ’

149 2747 192 2812 Et
205 2769 303 2812 ramos
317 2748 452 2825 totidem,
466 2748 650 2832 totidemque
665 2749 801 2812 animalia
815 2749 902 2812 ramis

148 2844 242 2909 Ferre
256 2847 317 2909 suis
332 2847 393 2909 visa
407 2860 471 2924 est;
492 2845 635 2931 parilique
650 2845 818 2908 tremiscere
832 2860 932 2909 motu:
1062 2847 1126 2914 m

148 2941 397 3028 Graniferumque
411 2965 518 3026 agmen
533 2943 673 3028 urbjeetis
687 2963 826 3026 spargere
841 2943 967 3008 inertia

147 3039 294 3105 Crescere
310 3041 388 3126 quod
403 3041 511 3119 subito,
526 3054 557 3104 et
571 3039 667 3126 majus
681 3039 835 3126 majusque
850 3041 953 3120 rideri,
1036 3085 1041 3098 ι

147 3138 197 3200 Ao
210 3159 243 3200 se
258 3137 362 3201 tollere
376 3139 479 3215 humo,
492 3153 634 3223 rectoque
649 3138 789 3202 adsistere
803 3153 907 3203 tmnoo
915 3161 925 3218 ;

146 3235 188 3298 Et
202 3236 330 3298 maciem
345 3255 560 3321 uumemmque
576 3235 698 3320 pedum,
712 3236 887 3320 uigmmque
900 3237 1032 3302 colorem

146 3331 284 3410 Ponere;
306 3345 337 3395 et
351 3333 511 3396 humanam
524 3333 664 3396 membris
678 3333 818 3396 inducere
832 3332 967 3398 fonnem.
1061 3335 1126 3399 im

144 3430 276 3494 Somum
292 3429 363 3492 abit.
406 3429 528 3494 Damno
543 3431 665 3513 vigilans
679 3451 747 3494 mea
761 3431 822 3494 risa
831 3451 841 3508 ;
863 3451 1028 3515 querorque

144 3525 179 3590 Iu
194 3527 312 3612 superis
325 3527 390 3612 opis
405 3547 470 3592 eme
484 3527 567 3592 nihil.
612 3527 700 3592 Atio
715 3527 825 3592 edibus
839 3527 943 3610 iugens
