2572 4242
532 463 640 514 ntnnn
662 463 682 514 1.

117 609 233 676 Pellicis
247 611 405 696 Argolicae,
420 613 613 698 stimulosque
628 615 656 678 in
672 630 794 700 pectora
809 637 904 680 crocco

117 707 267 788 Condidit,
282 726 314 773 et
329 709 482 793 profugam
500 733 552 796 per
566 729 661 776 totum
677 715 779 778 terruit
793 715 906 778 orbern.

117 805 244 871 Ultimus
259 808 406 872 immenso
420 810 560 886 restabas,
577 809 657 887 Nile,
672 811 774 876 labori.

118 903 219 980 Quem
231 907 318 970 simul
333 928 368 969 ac
384 908 490 990 tetigit,
507 909 667 993 positisque
683 911 711 972 in
728 911 859 993 margine
876 911 946 996 ripn

117 1001 276 1068 Procubuit
290 1005 426 1087 genibus,
441 1007 639 1091 resupinoque
654 1008 745 1070 ardua
759 1009 848 1086 collo,
1032 1007 1095 1074 585

118 1099 202 1176 Quos
215 1103 322 1185 potuit,
338 1103 417 1164 solos
431 1103 538 1164 tollens
554 1105 590 1166 ad
606 1105 702 1166 sidere
718 1107 827 1183 uultus,

116 1197 155 1262 Et
169 1199 292 1281 gemitu,
307 1216 339 1261 et
354 1200 503 1282 lacrymis,
519 1216 549 1263 et
565 1202 709 1264 luctisono
724 1203 837 1284 mugitu

115 1295 195 1360 Cum
209 1296 287 1358 Jove
303 1297 365 1358 viso
380 1299 462 1381 queri
478 1314 533 1374 est,
549 1299 697 1382 finemque
712 1321 795 1362 orare
811 1300 968 1363 maiorum.

115 1393 258 1480 Conjugis
272 1396 322 1457 iile
336 1417 396 1458 suae
411 1397 588 1479 complexus
602 1398 679 1460 coila
695 1398 820 1474 incertis,

113 1491 212 1556 Finiat
226 1510 259 1556 ut
274 1515 378 1577 poenas
393 1495 523 1570 tandem,
538 1511 638 1576 rogat:
663 1495 775 1579 ‘inque
792 1495 920 1558 futurum
1031 1495 1096 1560 590

113 1589 199 1654 Pone
214 1591 332 1668 metus‚'
349 1593 453 1676 inquit,
469 1600 638 1677 ‘nunquam
654 1593 704 1656 tibi
720 1615 808 1656 causa
823 1593 931 1656 doloris

113 1686 188 1752 ltaec
203 1689 287 1752 erit?
310 1705 341 1752 et
356 1689 475 1772 Stygias
486 1690 571 1774 jubet
588 1692 644 1753 iroc
660 1692 760 1754 audire
777 1692 911 1774 paludes.

113 1785 158 1850 Ut
172 1787 263 1850 lenite
278 1788 334 1850 dee
348 1805 403 1862 est,
421 1788 517 1849 vuitus
531 1790 611 1870 cupit
627 1789 674 1850 iliu
692 1791 819 1870 priores:

113 1883 235 1969 Fitque,
251 1885 330 1968 quod
346 1887 414 1946 anti
431 1885 492 1947 suit.
539 1885 670 1964 Fugiunt
686 1907 703 1948 e
718 1907 842 1970 corpore
857 1901 945 1950 setar:

113 1980 238 2046 Cornua
253 1983 445 2045 decrescunt:
469 1984 499 2044 fit
516 1984 632 2044 luminis
647 1987 753 2046 arctior
767 1986 861 2046 orbis:
1032 1983 1097 2046 595

114 2079 310 2144 Contrahitur
324 2082 429 2143 rictus:
454 2081 577 2142 redeunt
596 2082 768 2164 humerique
786 2099 967 2164 munusque:

113 2177 297 2262 Unguiaque
313 2179 341 2240 in
358 2181 461 2262 quinos
477 2179 589 2260 dilapsa
605 2179 767 2240 absumitur
782 2199 906 2258 ungues.

113 2275 167 2340 De
183 2277 259 2339 bove
274 2277 314 2338 nil
330 2292 475 2358 superest,
492 2276 589 2338 sonuae
606 2277 657 2337 nisi
673 2277 794 2350 candor,
811 2277 838 2338 irr
855 2276 925 2339 iltt:

112 2373 286 2456 Officioque
303 2374 412 2456 pedum
429 2375 563 2456 nynqrhc
578 2389 716 2436 contenta
733 2374 869 2450 duorum,

113 2471 265 2554 Erigitur:
289 2473 454 2554 metuitque
472 2473 548 2553 ioqui
564 2493 571 2543 ;
595 2491 632 2533 ne
648 2492 729 2532 more
740 2471 876 2555 juvencae
1033 2469 1098 2535 600

112 2568 253 2652 Mugiut:
278 2584 308 2632 et
324 2569 425 2630 timide
443 2571 530 2630 verba
549 2570 709 2630 intermissa
726 2585 861 2631 retentat.

112 2667 205 2732 Nunc
221 2668 278 2730 dea
294 2669 417 2748 liniger'u
431 2669 536 2729 colitur
550 2667 741 2729 celeberrima
756 2667 852 2728 turbt.
