2572 4242
511 449 619 503 tmen
638 451 684 504 rv.
1041 443 1081 512 et

144 601 282 666 Imminet
297 601 462 688 aequoribus
477 601 626 688 scopulus.
670 597 746 667 Pars
761 603 818 666 ima
833 615 956 667 cavatur
1019 603 1082 670 905

102 697 265 777 Fluctibus,
281 719 311 762 et
328 717 421 764 tectas
437 699 567 764 defendit
582 702 618 765 ab
634 701 773 764 imbribus
788 703 898 765 undas:
1005 733 1009 745 ·

103 799 223 860 Snmrnu
240 801 324 880 riget,
343 798 525 882 frontemque
541 798 569 860 in
586 815 719 882 apertum
737 801 855 884 porrigit
870 822 979 886 equor.

102 897 235 979 Occupat
253 899 333 958 hunc
351 897 443 980 (vires
458 897 569 959 insania
584 895 708 982 fecerat)
728 895 796 960 ino:

103 993 200 1078 Seque
215 1015 304 1078 super
320 1011 454 1078 pontum,
470 995 550 1056 nullo
565 995 677 1057 tardata
693 996 807 1070 timore,

102 1089 205 1166 Mittit,
219 1113 355 1175 onusque
370 1113 467 1154 suum.
514 1091 659 1154 Percussa
673 1091 824 1155 recanduit
840 1093 929 1154 unda.
1017 1095 1080 1158 210

144 1189 186 1251 At
201 1187 306 1251 Venus
324 1189 476 1252 immerite
491 1190 588 1272 neptis
603 1189 739 1252 miserete
753 1189 879 1267 labores,

100 1285 151 1349 Sic
165 1301 269 1370 patruo
283 1275 480 1349 blandita'suo
495 1303 557 1348 est:
581 1286 632 1349 ‘O
648 1308 757 1350 numen
773 1309 926 1372 aquarum,

99 1383 241 1448 Proxima
255 1384 302 1446 cui
317 1384 398 1446 ooelo
411 1384 511 1461 cessit,
526 1383 668 1468 Neptune
683 1399 832 1468 potestas3

98 1479 217 1564 Magne
226 1482 345 1566 quidem
362 1503 469 1565 posco:
493 1481 546 1544 sed
562 1497 593 1544 tu
609 1483 746 1546 miserere
760 1505 905 1562 meorum,

98 1579 208 1642 Jactari
224 1601 297 1664 quos
312 1581 408 1642 cernis
423 1579 452 1642 in
468 1577 552 1643 lonio
565 1579 726 1644 immenso:
1014 1583 1078 1646 215

97 1677 139 1740 Et
155 1678 200 1740 dis
215 1679 291 1741 adde
306 1677 375 1740 tuis.
421 1677 531 1762 Aliqua
544 1691 575 1740 et
590 1677 659 1740 mihi
675 1677 767 1762 gratia
781 1691 873 1762 ponto
888 1692 950 1742 est:

96 1775 131 1838 Si
145 1789 245 1838 temen
260 1775 290 1837 in
305 1775 355 1838 dio
370 1775 517 1859 quondam
532 1789 670 1838 concreta
684 1773 841 1860 profundo,

96 1873 212 1958 Spuma
226 1872 278 1952 fui,
293 1872 479 1958 Grajumque
495 1887 595 1936 manet
609 1873 680 1936 mihi
696 1895 805 1938 nomen
819 1873 858 1937 ab
873 1871 947 1937 itit!

94 1971 213 2034 Adnuit
226 1972 320 2034 oranti
336 1970 514 2055 Neptunus;
536 1985 567 2034 et
581 1971 699 2035 abstulit
713 1971 780 2050 illis,

95 2068 190 2144 Quod
205 2071 329 2133 mortale
345 2067 416 2147 tuit;
438 2069 682 2154 majestatemque
697 2067 858 2132 verendam
1013 2069 1078 2134 220

91 2166 261 2251 Imposuit;
283 2189 452 2252 nomenque
467 2167 553 2230 simul
568 2166 734 2251 faciemque
749 2166 888 2230 novavit:

91 2263 333 2349 Leucothee'quc
349 2266 439 2328 deum
452 2286 522 2328 cum
536 2278 630 2327 matre
645 2261 816 2328 Palaemone
830 2263 914 2328 dixit.

179 2517 310 2563 omnus
326 2519 370 2561 m·
394 2517 565 2562 HERKIONS
588 2518 623 2561 m
645 2517 832 2562 emunt!
853 2517 988 2564 ΙΠῚῊΙ.

528 2701 556 2744 v.
569 2681 643 2744 562.

84 2853 199 2929 Nescit
214 2850 403 2935 Agenorides
418 2865 516 2913 natam
531 2869 714 2935 parvumque
728 2862 870 2932 nepotem

84 2951 235 3036 AEquoris
250 2963 315 3012 esse
332 2949 416 3011 deos.
460 2947 559 3011 Luctu
574 2949 708 3032 serieque
723 2947 867 3010 malorum

86 3049 214 3125 Victus,
229 3062 260 3110 et
273 3047 408 3124 ostentis,
424 3068 488 3130 que
503 3046 628 3130 plurima
643 3045 767 3122 viderat,
778 3043 841 3108 exit
1012 3047 1076 3108 225

83 3147 241 3211 Conditor
255 3147 328 3208 urbe
343 3143 415 3221 su1i3
431 3157 576 3227 tanquam
593 3141 708 3205 sortuna
721 3143 865 3219 locorum,

78 3227 160 3308 ¹Non
176 3265 278 3306 suase
295 3255 461 3326 premeret:
484 3241 637 3324 longisque
652 3239 793 3302 erratibus
807 3253 890 3302 actus

82 3341 227 3424 Contigit
241 3341 379 3423 Illyricos
394 3338 517 3422 profugi
531 3359 600 3399 cum
614 3336 740 3422 conjuge
756 3335 839 3398 fines.

82 3439 221 3524 Jamque
235 3439 323 3501 malis
338 3438 479 3521 annisque
494 3457 609 3518 graves,
624 3435 695 3496 dum
711 3433 805 3518 prima
819 3445 977 3497 retractant

82 3535 166 3600 Fata
180 3536 302 3614 demtis,
317 3535 512 3617 releguntque
527 3553 595 3596 suos
609 3552 744 3594 sermone
757 3531 891 3607 laborem
1012 3527 1076 3589 230

23 3706 32 3728 s
52 3657 58 3667 ¹
81 3633 191 3698 ‘Num
209 3655 296 3698 sacer
309 3632 361 3696 ille
377 3629 446 3692 meri
460 3629 598 3715 trajectus
612 3627 736 3712 cuspide
749 3626 893 3708 serpens‚'
