2568 4248
509 463 593 532 uun,
614 467 758 519 runnu.

183 614 302 700 irrigue
316 615 433 680 debitur
445 635 505 680 uon
519 618 592 682 mihi
605 619 704 682 sulcus
723 635 817 702 nque.

141 715 186 780 At
198 714 269 778 crim
284 728 412 778 maturas
426 715 494 778 fisso
507 737 584 780 nova
597 717 706 780 cortine
721 717 809 779 rimus
823 755 852 770 a

184 811 258 876 Nux
273 813 351 895 egit;
372 812 410 875 ed
424 827 523 896 partes
537 815 739 898 pertinerere
755 815 848 879 venit.

142 909 262 975 Pertice
276 910 327 974 dat
341 911 435 995 plenis
451 911 573 975 immitia
589 913 711 975 vulnere
725 912 812 974 remis
820 931 831 991 ς
1074 913 1119 992 ω

185 1006 234 1071 Ne
249 1008 361 1092 poesim
375 1008 507 1092 lapidum
522 1010 646 1074 verbere
659 1009 722 1073 sola
736 1009 830 1093 queri.
844 1037 877 1071 x

142 1103 240 1170 Poma
253 1105 373 1183 cadunt,
387 1106 495 1169 mensis
510 1127 568 1170 non
583 1107 736 1171 interdicte
751 1105 908 1186 seeundie3

186 1203 229 1266 Et
241 1203 344 1268 condis
359 1203 461 1284 lectur,
476 1225 565 1288 perne
583 1206 699 1282 colone,
714 1223 817 1268 nuces.

143 1298 244 1377 Felix,
258 1316 373 1364 secreto
388 1321 452 1385 que
467 1315 535 1365 nate
550 1315 596 1365 est
609 1303 694 1365 arbor
707 1303 737 1365 in
752 1323 841 1381 ervo;

185 1396 228 1461 Et
242 1399 296 1462 eoli
310 1398 432 1462 domiuo
445 1398 520 1464 ferre
534 1400 643 1463 tributu
658 1399 775 1483 potest!
1073 1399 1119 1472 ’ω

143 1493 214 1558 Non
229 1496 383 1559 hominum
397 1497 536 1581 strepitus
551 1495 642 1574 audit,
657 1517 717 1560 uon
731 1496 780 1560 ille
800 1501 947 1565 runmmr

184 1591 256 1657 Nun
272 1593 400 1658 arinini
413 1595 618 1679 pulverulenta
634 1593 681 1656 viri
696 1607 751 1657 est.

143 1689 198 1754 Illa
213 1713 278 1769 suo,
294 1711 477 1776 quecunque
491 1692 568 1769 tulit,
583 1691 653 1755 dere
668 1691 745 1754 dona
758 1691 876 1771 unione,

185 1788 229 1852 Et
243 1789 346 1873 plenus
361 1787 471 1853 fructus
485 1790 677 1854 adnumerare
692 1803 800 1874 potest.

143 1886 189 1951 At
201 1886 273 1950 mihi
288 1900 417 1951 metruoe
431 1909 580 1972 nunquam
596 1887 666 1951 lieet
680 1887 769 1950 edere
784 1883 873 1950 foetru
881 1907 892 1969 ς
1074 1887 1120 1964 π

187 1984 269 2048 Ante
284 1984 424 2069 diemque
439 2005 512 2047 rneae
528 1983 716 2048 decutiuntur
734 2003 818 2068 opes.

143 2081 272 2146 Lamina
285 2081 381 2146 mollis
395 2081 493 2145 adhue
507 2096 610 2144 tenero
624 2081 695 2146 dum
709 2081 796 2159 lente,
812 2077 891 2166 quod
905 2077 982 2146 nnn
995 2087 1061 2162 οη,
1088 2137 1142 2180 χ

187 2178 256 2242 Nee
269 2179 347 2243 mein
362 2194 431 2243 nunt
444 2179 496 2242 ulli
511 2192 610 2243 nostru
624 2178 720 2244 futuru
734 2177 830 2242 bono.
852 2207 887 2248 κ

144 2275 216 2340 Jem
230 2290 330 2340 temen
346 2276 489 2355 invenias,
505 2278 555 2362 qui
570 2299 619 2340 me
628 2275 807 2362 jaculentur,
822 2288 854 2340 et
867 2275 928 2340 'm

187 2373 392 2438 Praesestineto
405 2395 513 2438 munus
528 2375 616 2438 inune
631 2387 745 2459 petant.
1075 2357 1121 2438 Φ
1249 2371 1252 2378 ’

146 2471 179 2535 Si
195 2473 246 2534 fiat
259 2477 348 2556 rapti,
362 2473 412 2536 fiat
426 2492 562 2536 mensure
576 2471 679 2550 relicti,

188 2567 337 2654 Majorem
352 2568 462 2632 domini
476 2583 570 2654 perte,
585 2570 691 2648 vintor,-
703 2569 844 2632 hebes.

146 2668 235 2750 Saepe
250 2666 364 2751 aliquis,
379 2665 453 2730 foliis
467 2680 501 2730 ut
514 2667 593 2731 nude
607 2667 762 2730 cacumine
777 2665 860 2744 vidit,

191 2764 268 2827 Esse
285 2777 370 2848 putet
384 2763 491 2828 Boreae
505 2763 586 2828 triste
600 2763 721 2827 furentis
735 2783 821 2847 opus.

147 2861 283 2924 AEutibus
296 2861 481 2940 hie,hicme
496 2861 649 2946 spoliatam
664 2859 768 2943 frigore
782 2857 893 2922 eredit:
1077 2855 1123 2922 3

195 2957 252 3021 Fet
267 2979 396 3042 quoque,
410 2959 460 3042 qui
473 2958 584 3022 crimen
598 2955 745 3041 grandinis
759 2975 824 3018 esse
839 2965 934 3039 putet.

147 3057 193 3118 At
206 3054 279 3118 mihi
294 3073 351 3118 nee
365 3054 486 3137 grando,
501 3053 579 3118 duris
593 3054 686 3117 invisa
699 3052 823 3129 colonie,

192 3152 260 3216 Nec
275 3167 380 3216 ventus
394 3151 500 3230 fraudi,
514 3152 597 3214 solve
600 3152 731 3234 ,geluve
746 3149 810 3215 suit.

149 3251 280 3316 Fructus
292 3249 395 3312 obest:
417 3249 596 3340 peperisse
582 3261 686 3322 noeet.
709 3260 798 3311 nocet
812 3265 877 3310 eese
892 3241 1037 3310 sennem.

193 3347 332 3432 Quaeque
347 3345 401 3409 fuit
416 3345 525 3424 multis,
540 3361 570 3410 et
584 3347 656 3409 mihi
670 3345 768 3430 preda
781 3343 861 3407 malo
876 3355 932 3406 est
1081 3331 1126 3408 9)

148 3445 257 3509 Praedu
271 3444 349 3507 mulo
352 3443 536 3527 „Polydore
553 3443 606 3507 suit
619 3443 688 3507 tibi:
711 3441 811 3527 prede
824 3438 958 3505 nefando

192 3541 340 3626 Conjugis
354 3540 487 3604 Aonium
502 3541 579 3606 misit
592 3541 623 3604 iu
636 3562 718 3604 arma
731 3539 838 3604 virum.

149 3639 292 3724 Hesperii
307 3639 386 3722 regie
401 3638 533 3722 pomaria
547 3651 610 3702 tute
623 3637 762 3701 fuissent:

194 3733 267 3802 Une
281 3735 335 3800 sed
348 3735 507 3801 immensae
521 3735 607 3800 arbor
619 3733 747 3797 habebut
760 3750 844 3815 opes.
