2568 4248
490 453 576 518 Nus,
598 453 742 506 mute.

126 604 168 668 At
181 626 239 668 non
255 603 304 666 ille
320 604 394 667 deus
408 625 513 688 penem
529 603 603 668 intra
618 605 726 670 moenia
740 604 820 670 finit:

166 700 323 764 Auxilium
338 715 401 764 toto
414 702 524 786 spargit
537 701 567 764 iu
581 702 651 765 orbe
666 723 763 766 suurn.

125 798 207 873 Quid
223 813 323 862 tamen
339 801 396 863 hoc
412 800 542 884 prodest,
556 799 655 862 medii
667 800 691 862 si
706 799 773 864 luce
788 799 945 886 psidntque

168 895 327 974 verberor,
342 911 372 960 et
386 912 455 960 tute
469 919 528 960 non
543 897 610 960 licet
626 918 691 960 esse
706 897 801 962 mihi?

126 993 206 1076 Ergo
220 1015 277 1056 nec
293 995 376 1056 nidos
391 993 464 1057 toliis
480 995 598 1071 herere,
612 1015 669 1056 nec
684 995 772 1058 ulium

167 1091 294 1155 Sedibus
309 1091 338 1154 in
353 1091 456 1154 nostris
470 1106 547 1154 stare
564 1091 666 1154 videtis
680 1111 778 1154 nvem.

128 1189 169 1250 At
183 1187 268 1271 lapis,
283 1189 313 1250 in
327 1209 409 1250 remo
422 1189 498 1252 sedit
514 1189 681 1273 quicunque
696 1187 819 1266 bifurco,

168 1283 282 1362 Haeret,
297 1299 327 1348 et
341 1299 374 1347 ut
388 1285 477 1369 captd
492 1285 627 1349 victorin
642 1307 709 1350 arce
723 1299 832 1348 manet.

126 1380 243 1446 Caetera
257 1405 335 1466 saepe
350 1398 449 1446 tamen
465 1383 588 1466 potuere
604 1383 730 1446 admissa
743 1382 853 1466 negari,

168 1478 210 1541 Et
224 1480 335 1542 crimen
350 1502 410 1542 nox
425 1495 471 1543 est
485 1481 610 1542 inficiata
624 1501 721 1542 suum.

126 1573 235 1639 Nostra
249 1590 330 1639 notat
345 1575 427 1640 fusco
441 1578 544 1660 digitos
559 1576 661 1661 injuria
675 1597 776 1655 succo,

167 1672 288 1737 Cortice
302 1688 451 1737 contactas
466 1675 611 1738 inficiente
625 1697 740 1738 manus.

125 1769 179 1833 Ille
193 1793 279 1834 cruor
291 1792 376 1834 meus
390 1785 452 1834 est:
475 1772 525 1834 illo
538 1771 683 1835 maculata
696 1792 800 1836 cruore

168 1866 238 1930 Non
253 1868 421 1951 prosecturd
435 1869 540 1932 dextra
554 1869 668 1932 lavatur
681 1868 769 1953 aqud.

75 1959 76 1962 ¹
125 1965 156 2028 Ο
170 1988 236 2048 ego,
251 1969 321 2030 crim
336 1967 428 2050 longe
443 1981 587 2030 venerunt
601 1966 685 2030 taedia
701 1967 779 2043 vite,

168 2062 279 2149 Optavi
296 2065 410 2147 quoties
425 2063 505 2127 arida
520 2064 597 2128 sacta
611 2064 703 2128 mori!

125 2161 237 2245 Optavi
253 2162 377 2246 quoties,
393 2176 443 2224 aut
456 2183 537 2225 caeco
551 2162 665 2225 turbine
680 2162 765 2239 verti,

168 2260 232 2322 Aut
249 2259 344 2323 valido
357 2261 437 2322 missi
451 2259 579 2323 fulminis
593 2260 661 2342 igne
676 2259 755 2343 peti!

124 2358 227 2441 Atque
242 2357 353 2420 utinam
368 2358 470 2420 subite
484 2371 622 2440 raperent
636 2379 703 2420 mea
717 2378 807 2441 pontu
820 2356 967 2441 procelle,

168 2453 227 2516 Vel
243 2476 360 2537 possem
375 2453 484 2517 fructus
499 2469 640 2517 excutere
654 2454 717 2539 ipsa
732 2475 825 2518 meos.

124 2551 187 2628 Sic,
202 2551 252 2614 ubi
268 2551 458 2620 detractaest
473 2573 491 2614 a
505 2565 534 2614 te
550 2551 601 2615 tibi
616 2573 705 2616 causa
719 2553 832 2637 pericii,

167 2647 261 2722 Quod
276 2662 420 2732 superest,
436 2662 542 2726 tutum,
557 2649 683 2714 Pontice
697 2665 802 2728 castor,
818 2651 921 2715 hebes.

124 2745 209 2820 Quid
224 2746 297 2808 mihi
312 2759 382 2808 tunc
396 2746 484 2810 animi
499 2760 555 2823 est,
569 2748 638 2808 niun
652 2747 741 2810 sumit
755 2747 814 2810 tels
828 2747 938 2824 vietort

167 2844 271 2926 Atque
286 2844 378 2906 oculis
394 2843 484 2926 plagae
500 2843 627 2906 destinat
641 2844 709 2905 unte
723 2843 843 2906 locum?

124 2940 194 3004 Nec
209 2941 301 3003 vitare
317 2941 385 3003 licet
400 2955 480 3003 moto
494 2939 557 3004 sera
570 2941 693 3004 verbera
707 2955 822 3017 trunco,

168 3037 272 3112 Quem
287 3040 341 3101 sub
356 3039 448 3102 humo
462 3039 545 3102 radix
561 3035 715 3122 vinclaque
729 3037 812 3101 finni
826 3051 946 3110 oeneut.

124 3139 263 3223 Corpora
277 3140 441 3223 prebemus
456 3139 566 3222 plagis:
589 3153 622 3202 ut
635 3159 713 3223 saepe
728 3138 864 3222 sagittis„

168 3236 251 3300 Cum
266 3237 394 3321 populus
408 3237 537 3298 municas
551 3237 722 3320 deposuisse
737 3250 834 3300 vetat:
894 3275 898 3280 ·

124 3333 207 3398 Utve
223 3355 343 3416 gravem
358 3333 488 3396 candens
502 3333 552 3395 ubi
567 3334 628 3396 tolli
643 3355 733 3396 vacca
750 3333 888 3413 securint,

170 3432 234 3494 Aut
248 3431 348 3512 stringi
363 3431 471 3494 cultros
486 3430 515 3492 in
530 3451 583 3492 sua
596 3431 673 3493 colla
688 3430 780 3494 videt.

125 3529 214 3612 Saepe
231 3551 312 3592 meas
328 3543 417 3592 vento
432 3527 550 3591 frondes
563 3529 716 3592 tremuisse
731 3529 872 3612 puttstis:

170 3627 231 3690 Sed
247 3639 344 3689 metus
359 3625 388 3690 in
403 3626 486 3689 uobis
500 3647 589 3690 causa
603 3626 736 3690 tremoris
750 3641 823 3689 eret.
