2568 4248
179 433 242 506 116
490 440 842 492 mnrfflonrnosnon

176 593 352 676 Litteraque
366 591 483 656 intravit
498 590 642 675 Pegaseb
656 590 775 656 Colcha
788 592 898 656 cariub.

176 691 289 756 AEacus
303 690 373 755 huie
388 703 473 774 pater
487 704 549 754 est:
574 691 623 775 qui
634 690 702 776 jura
715 690 867 753 silentibus
882 690 942 754 illic
1119 698 1160 762 25

176 788 302 867 Reddit,
317 789 367 851 ubi
381 788 523 852 AEoliden
537 810 644 852 saxum
657 809 747 872 grave
763 788 914 872 Sisyphon
929 804 1029 875 urget.

118 971 121 976 1
176 887 292 952 AEucon
308 888 440 978 agnoscit
454 899 597 964 summus,
613 887 786 970 prolemque
802 886 910 950 latetur

175 985 295 1070 Jupiter
309 1007 374 1048 esse
389 1007 484 1048 suam.
529 984 580 1048 Sic
595 987 631 1047 ab
646 984 724 1047 Jove
740 985 843 1046 tertius
859 985 950 1070 Ajax.

177 1083 245 1147 Neo
260 1098 360 1146 tamen
375 1084 438 1146 lraec
452 1083 542 1145 series
557 1083 586 1144 in
601 1083 692 1144 causa
707 1083 809 1166 prosit,
824 1083 956 1162 Aclrivi;

177 1182 210 1246 Si
225 1182 297 1246 mihi
311 1204 380 1244 cum
395 1202 502 1264 magno
516 1201 575 1242 non
591 1194 636 1242 est
650 1180 815 1242 eommunis
831 1181 963 1244 Achille.
1118 1187 1160 1250 30

176 1280 284 1344 Frater
298 1294 360 1342 erat
369 1301 378 1356 ;
401 1277 528 1341 fraterna
542 1292 624 1361 peto.
668 1277 753 1352 Quid
773 1279 915 1360 sanguine
929 1291 1030 1343 cretus

177 1378 329 1462 Sisyphio,
344 1377 496 1462 furtisque,
511 1391 542 1438 et
557 1374 658 1438 fraude
673 1375 836 1438 simillimus
852 1377 904 1454 illi,

176 1476 282 1539 Inserit
297 1475 429 1539 AEaoidis
444 1475 545 1537 abenae
561 1475 680 1538 nomina
696 1475 812 1556 gentis?

219 1574 269 1636 An
287 1574 366 1658 qubd
382 1574 410 1636 in
426 1593 508 1636 arma
522 1573 611 1656 prior,
626 1573 767 1656 nulloque
781 1574 836 1634 sub
851 1572 948 1638 indice
963 1595 1044 1654 venr,

176 1673 271 1734 Arma
286 1671 422 1754 neganda
435 1671 529 1735 mihi?
552 1671 705 1755 potiorque
721 1670 869 1735 videbitur
882 1671 943 1751 ille,

176 1763 291 1832 Ultima
306 1769 355 1853 qui
369 1768 460 1853 oepit,
475 1769 708 1853 detrectavitque
724 1768 821 1832 surore

176 1866 316 1932 Militiam
330 1869 416 1932 ficto:
440 1867 537 1931 donec
551 1867 685 1930 solertior
705 1867 772 1944 isto,

177 1966 239 2028 Sed
253 1966 308 2030 sibi
323 1965 461 2044 inutilior,
477 1964 571 2028 timidi
585 1979 756 2027 commenta
770 1964 880 2028 retexit

177 2061 361 2149 Naupliades
377 2064 476 2143 animi,
492 2063 641 2146 vitataque
656 2062 745 2124 traxit
760 2062 790 2124 in
805 2065 909 2126 arma?
1082 2137 1086 2144 ι

176 2160 302 2246 Optima
315 2184 395 2225 nuuc
409 2175 517 2239 sumat,
533 2161 582 2246 qui
597 2181 713 2222 sumere
729 2161 823 2222 noluit
839 2161 918 2227 ulla:
1116 2165 1161 2230 dc

177 2257 242 2323 Nos
257 2261 434 2339 inhonorati,
449 2273 481 2322 et
495 2259 579 2322 donis
596 2259 776 2342 patruelibus
791 2259 864 2338 orbi,

177 2358 348 2422 Obtulimus
364 2358 481 2442 quinos
496 2357 533 2420 ad
548 2357 642 2440 prima
657 2356 798 2440 pericula,
812 2358 914 2420 simus.

177 2455 280 2538 Atque
294 2454 407 2518 utinam
422 2469 473 2518 aut
489 2475 575 2517 verus
590 2453 669 2516 lirror
684 2455 743 2532 ille,
758 2467 810 2527 aut
823 2455 963 2533 creditus,
978 2467 1057 2522 esset
1065 2477 1076 2535 3

176 2550 207 2616 N
209 2574 245 2616 ec
259 2573 361 2616 comes
375 2553 424 2616 hic
438 2552 586 2636 Phrygias
600 2574 731 2636 unquam
746 2553 874 2616 venisset
893 2553 931 2616 ad
946 2575 1030 2618 arces

177 2650 320 2716 Hortatcr
332 2652 496 2716 scelerum!
535 2650 605 2714 Non
621 2666 662 2727 te,
678 2651 817 2714 Poeantia
831 2652 961 2736 proless

177 2749 358 2836 Expositum
372 2750 506 2816 Lemnos
520 2765 620 2814 nostro
634 2771 703 2813 cum
718 2749 840 2812 crimine
855 2750 988 2814 haberet.

175 2849 335 2926 Quinum
352 2850 400 2938 (ut
414 2848 596 2937 memorant)
613 2847 793 2912 silvestribus
809 2848 925 2912 abditus
939 2847 1028 2912 antris

177 2951 259 3013 Saxa
273 2971 377 3014 moves
392 2951 515 3032 gemitu,
530 2947 756 3030 Laestiadaeque
772 2946 910 3030 precaris,

177 3046 256 3120 Quae
271 3048 394 3110 meruit:
418 3068 483 3131 quae
500 3045 539 3132 (si
554 3045 585 3107 di
599 3043 682 3130 sunt)
699 3067 758 3106 non
774 3065 851 3107 vana
865 3043 1005 3128 preceris.

177 3143 219 3206 Et
233 3165 312 3208 nunc
327 3145 377 3207 ille
392 3145 498 3226 eadem
513 3143 596 3205 nobis
606 3141 721 3226 juratus
736 3143 765 3204 in
781 3163 871 3220 arma,
1114 3145 1161 3209 50

179 3240 265 3328 (Heu
277 3242 301 3327 1)
326 3262 393 3326 pars
408 3263 467 3302 una
481 3240 603 3317 ducum,
618 3260 678 3325 quo
693 3261 862 3302 successore
877 3240 989 3322 sagitte

178 3339 315 3406 Herculis
330 3352 460 3416 utuntur,
476 3338 584 3402 fractus
600 3338 762 3421 morboque
776 3337 926 3423 fameque,

179 3434 362 3524 Velaturque
377 3436 521 3521 aliturque
537 3437 657 3512 avibus3
681 3437 875 3522 volucresque
897 3435 1029 3522 petendo

178 3539 289 3603 Debita
303 3534 440 3622 Trojanis
455 3549 577 3600 exercet
592 3534 705 3620 spicula
719 3532 795 3597 satis.

178 3637 232 3700 llle
247 3650 349 3700 tamen
364 3633 448 3714 vivit,
464 3634 606 3720 quianon
620 3632 773 3698 comitavit
787 3629 942 3714 Ulyssem.
1116 3633 1162 3702 55
