2568 4248
505 693 681 772 FASTI.

74 1107 90 1127 ·
205 1074 414 1142 LlB.lll.l.
451 1074 537 1140 LIB.
553 1074 595 1138 ll.
611 1077 687 1140 383.
723 1072 977 1140 L113.1v.aos.

412 1245 563 1288 ROMULUS
586 1245 629 1288 m·
651 1245 770 1287 BEMUS.

97 1371 264 1450 Brauon,
279 1371 420 1456 depositis
433 1371 544 1455 clypeo
557 1371 708 1456 paulisper
722 1385 752 1434 et
772 1370 868 1450 hasti,

142 1468 238 1547 Mars,
252 1469 342 1546 ades;
364 1483 395 1532 et
409 1468 515 1532 nitidas
529 1468 643 1532 casside
658 1468 741 1532 solve
755 1489 867 1532 eomas.

98 1567 170 1653 lpse
186 1567 270 1632 vides
284 1567 419 1630 manibus
434 1567 535 1650 peragi
550 1565 612 1630 sera
626 1567 705 1630 bella
718 1566 876 1634 Minervae.

143 1664 229 1730 Num
242 1665 340 1728 minus
354 1664 489 1748 ingenuis
503 1664 613 1728 artibus
627 1665 676 1728 illa
691 1668 798 1730 vacat?

99 1763 233 1828 Palladis
247 1763 390 1848 exemplo
404 1762 549 1846 ponenda
564 1777 698 1846 tempora
712 1783 797 1828 sume
1063 1767 1085 1829 ὅ

146 1861 307 1946 Cuspidis:
330 1861 508 1925 invenisset
524 1859 603 1945 quod
618 1861 736 1924 inermis
751 1883 832 1945 agas.

100 1958 185 2024 'I'um
200 1980 319 2044 quoque
334 1959 453 2022 inermis
467 1981 542 2038 eras,
556 1960 626 2024 ciam
641 1975 672 2022 te
687 1959 827 2023 Romana
840 1959 979 2024 sacerdos

144 2057 249 2141 Cepit,
263 2071 296 2122 ut
311 2057 380 2122 huic
394 2056 471 2121 Urbi
486 2057 600 2122 semina
614 2057 703 2140 digna
716 2058 812 2122 dares.

101 2154 157 2220 llia
174 2153 304 2219 Vestalis
320 2155 407 2242 (quid
422 2155 501 2219 enim
518 2169 598 2218 vetat
612 2155 681 2219 inde
697 2153 810 2218 moveri
819 2153 848 2242 i)

146 2253 239 2318 Sacra
252 2253 399 2318 lavaturas
413 2254 502 2316 maol:
518 2254 638 2336 potebat
653 2274 756 2339 aquas.
1046 2256 1087 2319 10

103 2350 241 2415 Ventum
257 2366 320 2415 erat
334 2352 372 2415 ad
387 2352 470 2416 molli
485 2352 632 2415 declivem
647 2351 762 2416 tramite
777 2353 889 2437 ripam:

146 2448 274 2514 Ponitur
288 2470 305 2513 e
320 2450 438 2513 mmm:
451 2450 547 2518 fictilis
562 2471 636 2513 urna
649 2451 747 2514 comi.

103 2547 201 2613 Fessa
215 2548 323 2612 resedit
339 2548 439 2625 hnmi;
461 2563 625 2633 ventosque
640 2549 757 2632 accepit
771 2563 876 2634 aperto

147 2645 297 2723 Pectore:
318 2647 449 2710 turbatas
463 2647 647 2732 restituitque
662 2669 774 2710 comas.

103 2745 190 2810 Dum
205 2744 300 2822 sedet,
314 2745 458 2807 umbrosa
474 2745 590 2822 salices,
605 2744 800 2828 volucresque
814 2765 930 2808 canora:

147 2842 301 2908 Fecerunt
316 2864 445 2921 somnos,
461 2858 490 2907 et
506 2844 574 2906 levo
588 2865 721 2916 murmur
735 2862 829 2926 aqute.

4 3029 5 3032 Ἴ
103 2940 224 3006 Blanda
239 2941 323 3026 quies
338 2940 423 3004 victis
437 2940 537 3004 furtim
552 2939 683 3024 subrepit
697 2941 809 3018 ocellis,

149 3039 192 3104 Et
206 3039 285 3102 cadit
300 3061 318 3102 a
332 3053 434 3102 mento
447 3039 587 3122 languida
602 3038 679 3102 sacta
694 3059 808 3102 manus.

104 3137 262 3220 Languida
275 3138 435 3219 consurgit,
451 3159 508 3200 nec
522 3138 577 3200 scit
591 3159 646 3200 cur
658 3137 798 3220 languida
811 3152 928 3221 surgat:

149 3235 192 3298 Et
207 3236 322 3320 peragit
337 3234 411 3298 tales
426 3235 529 3298 arbore
544 3236 614 3299 nixa
629 3258 734 3300 sonos:
889 3299 893 3306 ,

4 3323 6 3346 ³
104 3333 209 3399 ‘Utile
224 3335 262 3397 sit
276 3333 476 3419 faustumque,
492 3355 607 3418 precor,
623 3335 702 3419 quod
717 3335 845 3417 imagine
859 3335 955 3400 somni

149 3431 307 3496 Vidimus:
330 3453 368 3496 an
383 3454 487 3496 somno
501 3432 607 3496 clarius
622 3432 694 3496 illud
709 3435 793 3496 erat?

105 3532 228 3616 Ignibus
242 3529 340 3595 lliaois
355 3531 493 3595 aderam:
516 3532 586 3593 cum
600 3530 683 3614 lapsa
696 3531 811 3615 capillis

148 3628 273 3693 Decidit
287 3643 356 3692 ante
371 3649 469 3692 sacros
484 3629 572 3691 lanea
586 3627 659 3692 vitta
674 3626 767 3692 socos.

104 3726 181 3793 lnde
196 3726 263 3790 dua
279 3727 390 3812 pariter
405 3725 485 3812 (visu
501 3723 650 3812 mirabile)
667 3725 784 3832 palmae
