2568 4248
551 389 658 442 LIBER
683 391 755 442 xm.
1088 388 1148 450 133

167 539 315 618 Ionem,
329 553 436 604 comm
449 539 541 625 loqui.
585 539 809 622 Locusexsut,
824 555 909 606 etex
923 563 956 606 rs

167 633 291 700 Nomen
306 637 413 701 hebet:
436 651 630 722 veterumque
645 637 695 701 diu
709 659 824 704 memor
838 639 887 704 ille
901 639 1057 718 melonum,

94 725 97 730 ’
161 731 254 808 ‚Tum
268 755 387 820 quoque
401 734 550 799 Sithonios
565 735 688 800 ululavit
701 750 809 800 moeste
823 757 877 821 per
890 736 986 821 egros.
1064 797 1079 822 g

168 829 253 894 lllius
266 829 422 917 Troasque
436 853 515 909 suos,
530 833 688 916 hostesque
704 831 856 916 Pelasgos,
1084 835 1147 900 56⁶

169 925 252 992 lllius
267 926 382 992 fortune
396 929 468 992 deos
484 949 601 1014 quoque
616 944 750 994 moveret
763 952 884 996 omnes:

170 1024 222 1088 Sic
236 1047 350 1105 omnes,
364 1039 397 1090 ut
412 1040 443 1090 et
457 1026 520 1111 ipsu
533 1024 617 1091 Jovis
631 1026 801 1112 conjuxque
816 1048 955 1113 sororque

170 1121 307 1186 Eventus
322 1121 480 1188 Hecubam
494 1125 635 1188 memisse
650 1126 802 1208 negaverit
816 1127 910 1192 illos..

337 1327 504 1372 meurs
526 1329 665 1373 emme
688 1330 723 1374 ns
745 1331 824 1374 AVB!
847 1329 981 1375 ΙΠΤΔΤΙ.

598 1501 628 1542 v.
645 1481 719 1544 576.

192 1611 283 1680 .Non
298 1625 384 1676 mou
397 1613 531 1690 Aurum,
547 1632 714 1699 quenquam
728 1611 824 1676 isdem
838 1612 951 1679 faveret
963 1613 1061 1694 amb,

170 1708 325 1788 Cladibus,
340 1724 371 1774 et
385 1731 455 1774 essu
470 1708 628 1796 Trojeque
644 1709 837 1796 Hecubaeque
851 1712 975 1776 moveri.
1083 1713 1147 1776 570

169 1805 254 1872 Cure
268 1807 355 1870 dcem
369 1808 498 1892 propior,
512 1808 668 1892 luctusque
683 1807 861 1872 domesticus
875 1809 957 1891 engit

169 1903 343 1968 Memnonis
357 1906 464 1984 amissi,
479 1904 619 1989 Phrygiis
634 1927 723 1990 quem
738 1905 819 1968 lutee
833 1906 946 1990 campis

171 2000 256 2065 Vrdit
270 2002 410 2066 Achillei
423 2016 596 2087 pereuntem
612 2002 735 2086 cuspide
750 2016 855 2068 meter.

96 2123 99 2128 ·
170 2097 274 2177 Vidit;
296 2101 389 2164 stille
403 2101 495 2179 color,
510 2122 569 2185 quo
586 2099 728 2164 matutine
742 2100 903 2163 rubescunt

169 2196 333 2280 Tempore,
348 2198 509 2282 palluerat:
531 2199 675 2283 latuitque
690 2197 719 2260 in
734 2197 860 2260 nubibus
875 2197 976 2262 ether.
1084 2199 1148 2264 575

214 2295 258 2357 At
271 2317 330 2358 non
346 2296 497 2380 impositos
511 2296 656 2379 supremis
671 2296 785 2378 ignibus
799 2311 878 2358 artus

170 2392 315 2456 Sustinuit
329 2405 464 2478 spectare
478 2415 602 2477 parens:
624 2394 677 2456 sed
690 2394 771 2456 crine
785 2394 892 2471 soluto,

170 2490 258 2555 Sicut
272 2506 345 2570 eret,
360 2492 459 2574 megni
473 2493 597 2574 genibus
611 2492 804 2575 procumbere
819 2513 877 2554 non
892 2505 938 2555 est

169 2588 342 2672 Dedignsts
355 2588 450 2668 Jovis,
465 2588 661 2674 lacrymisque
676 2589 729 2652 hes
744 2589 852 2652 addere
868 2610 975 2654 voces:

171 2686 338 2751 ‘Omnibus
352 2686 479 2765 inferior,
495 2707 567 2772 ques
581 2687 704 2774 sustinet
719 2707 825 2749 aureus
838 2687 940 2764 ether,
1084 2686 1150 2752 500

172 2785 268 2872 (Nam
283 2786 354 2850 mibi
368 2797 437 2848 sunt
450 2798 545 2849 totum
559 2785 703 2848 rarissime
718 2783 830 2867 templs
844 2804 898 2866 per
912 2781 1030 2866 orbem)
1240 2775 1243 2782 ⁴

41 2941 53 2961 ,
170 2882 253 2947 Dive
266 2893 366 2947 temen
380 2884 486 2947 renio:
508 2904 567 2945 non
582 2895 615 2944 ut
630 2880 762 2958 delubra,
777 2880 900 2964 diesque

170 2979 236 3044 Des
250 2981 321 3044 mihi
336 2981 492 3059 sacrificos,
506 2980 701 3063 caliturasque
716 2977 831 3060 ignibus
844 2998 919 3041 eras.

169 3079 204 3143 Si
218 3093 319 3142 temen
333 3079 489 3164 adspicias,
504 3078 647 3163 quantum
661 3076 714 3139 tibi
729 3073 850 3140 l'oemina
864 3088 1016 3161 praestem‚

170 3177 253 3240 Tum
267 3177 338 3241 cirm
351 3177 419 3241 luce
433 3177 513 3241 novi
526 3176 620 3239 noctis
634 3174 760 3238 confinis
774 3195 871 3252 servo,
1085 3175 1149 3241 585

170 3275 298 3339 Premis
312 3275 408 3338 dende
423 3288 520 3359 putes.
565 3271 628 3336 Sed
642 3287 702 3334 non
716 3293 752 3335 ee
767 3293 855 3349 cure3
877 3293 976 3358 neque
990 3271 1039 3336 bic
1052 3283 1101 3336 est

170 3371 262 3437 Nunc
276 3385 369 3436 status
385 3372 517 3448 lurore,
532 3370 652 3434 meritos
666 3384 699 3432 ut
714 3382 817 3453 poscat
833 3369 969 3434 honores.

170 3469 344 3535 Memnonis
358 3471 429 3535 orbe
443 3468 502 3533 mei
517 3468 621 3532 venio:
646 3468 696 3552 qni
711 3465 796 3531 sortia
811 3465 916 3530 brutri

170 3569 234 3634 Pro
248 3582 354 3654 patruo
368 3568 434 3633 tulit
448 3589 529 3662 arms
543 3588 615 3644 suo;
638 3567 797 3652 primisque
812 3564 868 3626 sub
882 3563 965 3626 nnnb
