2572 4242
519 447 627 501 uses
643 447 689 501 tv.
1050 449 1094 516 ω

101 591 196 658 Nune
211 615 336 682 quoquc
350 617 408 661 nee
422 595 538 680 fugiunt
552 597 713 678 hominem,
727 621 785 665 nec
800 599 923 666 volnere
937 601 1064 670 iedttntt

101 690 252 779 Quidque
268 696 352 779 priis
367 694 483 774 suerint,
500 696 605 781 placidi
620 697 782 762 meminis
797 698 951 764 draoorten

353 911 452 954 Aruas
476 911 509 954 iii
531 911 667 956 floreret!
688 913 850 957 nurture.

541 1081 571 1124 v.
588 1063 663 1126 620,

146 1179 223 1242 lude
238 1203 295 1264 per
309 1181 487 1244 immensum
501 1183 598 1246 ventis
612 1182 794 1246 discordibus
808 1186 910 1256 mtto&

103 1273 196 1340 Nune
211 1278 284 1356 buc,
300 1299 381 1342 nune
397 1279 476 1357 illuc,
490 1279 632 1364 exemplo
646 1280 731 1343 nubis
745 1301 874 1366 aquose,

103 1371 225 1452 Fertur,
241 1391 274 1439 et
289 1397 330 1439 ex
347 1377 408 1440 alto
421 1378 558 1440 seductas
573 1377 682 1440 ethere
697 1378 785 1460 longe

102 1470 274 1557 Despectat
290 1489 402 1552 terras3
423 1488 578 1559 totumque
592 1475 761 1559 supervolat
775 1476 888 1540 orbem.

102 1568 169 1632 Ter
182 1571 298 1654 gelidas
314 1571 435 1649 Arctos,
449 1587 495 1636 ter
508 1571 617 1636 Cancri
631 1573 750 1636 brachis
764 1573 854 1638 vidit:

102 1667 193 1752 Saepe
208 1669 265 1732 sub
281 1690 418 1746 occasus,
433 1691 511 1753 sepe
526 1683 571 1732 est
586 1671 699 1734 oblatus
714 1670 743 1732 in
758 1685 850 1734 ortus.

100 1763 234 1850 Jamque
249 1766 380 1829 cadente
395 1767 454 1844 die,
469 1767 578 1830 veritus
591 1789 624 1830 se
639 1768 761 1831 credere
776 1768 867 1846 nocti,

102 1861 250 1926 Constitit
266 1862 429 1948 Hesperio,
444 1865 540 1947 regnis
556 1865 694 1942 Atlantis,
709 1865 738 1930 in
753 1865 844 1944 orbe;

104 1957 321 2045 Exiguamque
338 1961 413 2045 petit
427 1963 570 2045 requiem,
585 1963 657 2026 dum
672 1961 796 2026 Lucifer
809 1963 893 2046 ignes

102 2055 226 2122 Evocet
241 2059 381 2135 Aurorae,
396 2080 497 2122 curnis
513 2060 629 2123 Aurora
643 2060 774 2122 diumos.

147 2155 211 2218 Hie
226 2156 384 2219 bominum
398 2171 521 2220 cunctos
536 2157 648 2238 ingenti
662 2175 787 2240 corpore
801 2161 942 2240 precans

101 2251 314 2336 Japetionides
329 2254 417 2317 Atlas
432 2253 495 2317 suit.
540 2253 654 2318 Ultima
668 2255 755 2318 tellus

104 2349 194 2434 Rege
209 2353 266 2414 sub
283 2353 353 2428 hoc,
368 2365 399 2414 et
415 2367 521 2435 pontus
536 2365 609 2428 erat,
624 2351 674 2436 qui
689 2352 758 2416 solis
772 2351 887 2416 anhelis
997 2357 1000 2367 “

102 2449 241 2533 AEquora
254 2450 356 2512 subdit
371 2449 467 2533 equis,
482 2463 513 2512 et
528 2448 620 2512 sessos
635 2449 747 2533 excipit
761 2469 846 2512 axes.

102 2545 191 2610 Mille
206 2569 314 2630 greges
330 2547 383 2624 illi,
399 2547 582 2631 totidemque
597 2561 730 2610 annecte
744 2569 798 2632 per
811 2545 919 2610 herbas

99 2643 270 2709 Errabant:
295 2658 327 2707 et
341 2645 467 2707 humum
482 2644 587 2708 vicinia
602 2645 683 2707 nulla
696 2643 881 2728 premebant.

98 2743 248 2806 Arboreae
263 2741 397 2818 frondes,
412 2763 485 2804 euro
499 2741 630 2804 radiante
646 2741 785 2817 virentes,

78 2869 82 2876 ·
99 2839 155 2903 Ex
170 2862 246 2903 auro
259 2861 371 2915 ramos,
386 2860 428 2901 ex
441 2860 514 2902 auro
529 2861 618 2922 poma
631 2837 783 2920 tegebant.

99 2937 269 3020 ‘Hospes’
286 2937 328 3002 ait
344 2937 474 2999 Perseus
489 2936 541 3014 illi,
556 2943 628 2998 ‘seu
643 2935 735 3016 gloria
750 2931 844 3016 tangit

98 3035 151 3098 Te
167 3036 288 3118 generis
303 3035 424 3117 magni;
447 3033 564 3116 generis
577 3033 649 3097 mihi
664 3031 784 3115 Jupiter
801 3042 920 3092 auctor:

99 3133 176 3196 Sive
193 3154 225 3194 es
241 3134 366 3195 mirator
381 3152 499 3206 rerum3
521 3131 665 3192 mirabere
681 3144 805 3191 nostras.

98 3229 280 3313 Hospitium
296 3229 495 3313 requiemque
511 3227 604 3310 peto.’
650 3225 772 3288 Memor
786 3223 835 3286 ille
851 3235 975 3288 nemete
1032 3229 1097 3294 285

98 3329 197 3392 Souis
213 3343 297 3391 erat:
325 3325 468 3409 (Themis
484 3326 561 3386 liano
576 3324 697 3386 dederat
712 3317 870 3383 Parnassia
883 3323 1011 3412 sortem)

98 3426 274 3510 ‘Terupus,
292 3424 377 3499 Atia,
394 3423 505 3497 veniet,
519 3435 572 3483 tua
586 3440 646 3503 quo
659 3416 833 3501 spoliabitur
846 3434 918 3475 auro

100 3525 218 3588 Arbor:
244 3539 277 3586 et
293 3522 377 3584 hunc
394 3519 501 3604 prede
516 3515 635 3580 titulum
649 3515 728 3576 Jove
742 3525 830 3574 natus
845 3508 989 3578 habebit’

97 3621 132 3686 Id
148 3635 307 3697 metuens,
322 3617 426 3682 solidis
442 3615 576 3700 pomaria
589 3613 737 3674 clauserat
755 3605 843 3668 nau

372 3713 422 3776 5·
