2572 4242
526 439 633 488 menn
651 439 686 490 11.

121 585 186 651 Non
201 587 368 650 auditumm
382 587 504 650 miseras
518 583 707 652 Phaithonta
722 589 856 674 querelas

121 681 214 746 Nocte
229 683 337 768 dieque
352 697 477 746 vocant:
500 685 763 771 adsternunturque
777 687 923 770 sepulcro.

120 779 204 844 Luna
218 795 322 865 quater
331 779 441 866 junctis
455 781 592 866 implerat
605 785 742 846 cornibus
755 785 875 848 orbern:

119 875 176 940 Ille
191 899 273 940 more
287 899 343 940 suo
358 877 442 963 (uam
456 899 569 940 morem
585 877 695 942 fecerat
709 880 794 966 usus)

119 973 294 1056 Plangorem
308 974 461 1038 dederant.
506 973 615 1059 Equis
631 975 805 1041 Phaethusa
818 997 951 1044 soromm
1026 981 1092 1048 ⁸⁴5

119 1068 262 1148 Maxima,
276 1072 345 1134 cum
361 1071 450 1134 vellet
465 1085 551 1134 terne
568 1055 771 1156 procumssere,
786 1089 891 1160 questa
904 1089 950 1140 en

119 1165 280 1250 Diriguisse
294 1168 403 1251 pedes:
426 1169 464 1230 sd
480 1191 569 1253 quam
583 1185 691 1232 conata
706 1171 807 1234 venire

118 1263 253 1328 Candido
266 1263 436 1348 Lampetie,
450 1265 547 1328 subiti
561 1265 659 1328 radice
674 1281 788 1330 retenta
801 1283 857 1332 est.

117 1360 228 1437 Tertia,
242 1364 311 1424 crim
325 1362 437 1424 crinem
451 1361 585 1424 manibus
599 1363 708 1426 laniare
724 1379 849 1448 pareret,

117 1459 228 1523 Avellit
242 1457 369 1520 [rondes.
415 1457 489 1521 Hec
504 1459 604 1542 stipite
617 1481 703 1523 crura
716 1459 869 1544 teneris*
981 1447 991 1466 ⁹
1027 1463 1093 1530 810

115 1555 170 1618 Illa
183 1555 264 1618 dolet
278 1555 339 1618 fieri
355 1555 457 1636 longos
471 1576 524 1618 sua
538 1557 657 1619 brachia
671 1579 777 1620 ramos.

116 1652 199 1725 Quid
214 1651 301 1714 saciat
315 1654 429 1715 mater?
451 1652 516 1730 nisi,
531 1654 591 1736 quo
605 1655 700 1718 trahat
714 1655 843 1740 impetus
859 1654 950 1734 illem,

115 1748 186 1812 Huc
201 1763 260 1826 eat,
274 1763 363 1833 atque
378 1750 468 1812 illuc?
490 1765 531 1828 et,
547 1751 618 1813 dum
633 1751 711 1830 licet,
726 1752 827 1816 oscula
836 1752 964 1837 junget?

114 1845 184 1909 Non
199 1847 268 1910 satis
282 1861 339 1910 est.
381 1846 511 1910 Truncis
525 1849 654 1911 avellere
668 1870 793 1934 corpora
806 1863 902 1914 tentat
910 1872 921 1930 ς

114 1942 156 2007 Et
170 1957 289 2007 teneros
303 1945 435 2008 manibus
450 1965 547 2008 ramos
562 1947 753 2030 abrumpere:
776 1945 891 2010 atinde
1027 1945 1093 2012 88

114 2040 295 2124 Sanguinere
310 2055 439 2120 manant,
453 2057 594 2126 tanquam
610 2043 649 2105 de
664 2043 797 2119 vulnere,
811 2057 911 2126 gutte.

114 2137 242 2216 ‘Parce,
257 2161 373 2222 precor,
388 2139 501 2218 mater,'
517 2159 701 2224 quecunque
715 2153 760 2202 est
773 2139 883 2218 saucia,
897 2138 1023 2203 olemtt:

113 2234 241 2314 ‘Parce,
256 2257 377 2320 precor:
399 2251 530 2300 nostrum
546 2237 670 2300 laniatur
684 2235 713 2299 in
728 2237 832 2300 arbore
845 2255 962 2321 corpus.

110 2331 244 2417 Jamque
258 2333 347 2396 vale?
391 2333 508 2398 Cortex
523 2335 552 2396 iu
569 2334 658 2398 verba
672 2334 830 2398 novissime
844 2331 938 2398 venit)

110 2429 188 2492 Inde
204 2431 301 2494 fluunt
314 2431 471 2514 lacryma:
494 2431 660 2514 stillataque
676 2432 739 2494 sole
754 2431 901 2514 rigescunt
1027 2427 1093 2494 ω)

96 2526 163 2590 .De
178 2527 267 2590 ramis
281 2527 393 2590 electra
405 2529 507 2591 novis:
530 2549 594 2612 qua·
610 2528 722 2591 lucidus
737 2528 830 2592 aronis

109 2623 249 2709 Excipit,
263 2639 295 2688 et
309 2626 429 2688 nuribus
443 2626 531 2688 mittit
545 2625 688 2707 gestanda
703 2625 827 2690 [erinis.

467 2877 602 2920 nrvrnrre
623 2875 743 2919 notros.

544 3061 575 3100 v.
591 3039 664 3102 760.

105 3223 253 3286 Protinus
268 3221 402 3300 Invidiae,
417 3221 500 3304 nigro
514 3220 689 3306 squallentia
703 3219 783 3293 tabo,

106 3320 211 3384 Tecta
226 3321 314 3406 petit.
359 3319 477 3382 Domus
492 3333 536 3382 est
550 3319 615 3382 imis
630 3318 658 3381 in
674 3316 798 3379 vallibus
812 3313 886 3377 antri

106 3419 237 3495 Abdita,
252 3417 318 3481 sole
332 3439 446 3494 carens,
461 3438 518 3479 non
533 3415 584 3478 ulli
600 3415 702 3499 pervia
716 3425 825 3488 vento;
874 3399 893 3430 ⁹
1029 3405 1094 3471 ³65

106 3515 231 3594 Tristis,
249 3530 280 3580 et
295 3515 394 3598 ignavi
409 3514 578 3599 plenissima
592 3511 721 3594 frigoris;
742 3523 774 3572 et
787 3528 852 3591 que

109 3612 185 3696 {gne
203 3629 292 3677 vacet
307 3633 436 3696 semper,
449 3613 574 3693 caligine
588 3629 707 3694 semper
720 3603 848 3670 abundet
