2572 4242
503 415 610 468 trare
627 417 670 468 rr.
1032 417 1074 482 τι

19 567 20 570 ’
96 563 224 630 tutum
238 579 285 630 est
299 565 383 630 dietis
397 567 517 648 geminb
529 587 598 631 oum
614 567 696 652 prote
710 570 807 632 locuta
819 591 877 633 :--

98 663 168 727 ‘En
183 686 240 747 ego
256 677 354 726 vestra
367 683 484 747 parens,
499 665 582 727 vobis
597 665 727 728 animosa
742 667 859 745 creatis,

99 759 143 825 Et
156 761 212 825 uisi
225 760 348 838 Junoni,
363 761 434 824 nulli
447 769 567 824 e‘essura
581 761 712 838 deamm,
1030 767 1074 834 60

102 857 152 920 An
166 859 222 920 dea
235 858 302 936 dm,
316 857 449 921 dubitor:
472 877 584 942 perque
599 859 697 921 omnia
711 860 817 924 saecula
832 859 917 926 cultis

100 954 224 1031 arceor,
238 976 258 1018 o
272 955 343 1032 nati,
356 955 410 1018 nisi
425 975 478 1018 vos
491 956 668 1032 suoourritis,
684 956 749 1017 aris.

32 1047 36 1058 '
101 1050 132 1115 N
134 1073 169 1114 ee
183 1051 266 1114 dolor
279 1052 328 1115 hic
342 1052 439 1115 solus:
462 1053 525 1115 dim
538 1053 673 1116 convicia
688 1052 767 1115 sacto

101 1147 234 1212 Tantalis
249 1149 373 1234 adjecit:
397 1169 508 1233 vosque
523 1164 568 1212 est
582 1163 760 1233 postponere
776 1151 851 1214 natis
875 1157 879 1166 ⁴

102 1245 186 1308 Ausa
198 1245 274 1308 stris:
297 1260 328 1308 et
342 1267 390 1308 me
407 1245 501 1331 (quod
517 1247 545 1309 io
562 1247 655 1330 ipsam
670 1247 796 1332 recidat)
813 1249 914 1312 orbam
1030 1251 1074 1316 65

102 1341 207 1419 Dixit3
229 1356 260 1406 et
273 1343 408 1406 exhibuit
422 1344 552 1425 linguam
567 1341 708 1406 scelerata
727 1345 901 1427 patemam.'

102 1439 264 1524 Adjeetura
280 1461 384 1523 preces
398 1454 461 1503 erat
475 1441 520 1503 his
534 1440 651 1504 Latona
666 1440 780 1504 relatis:

103 1535 256 1614 ‘Desine‚'
272 1536 407 1602 Phoebus
421 1539 472 1614 ait,
488 1537 620 1623 ‘(poene
634 1559 715 1600 mora
730 1537 832 1625 longa)
850 1539 1006 1624 querelas.’

102 1633 188 1698 Dixit
202 1635 282 1697 idem
296 1633 431 1698 Phoebe:
454 1636 602 1719 celerique
617 1655 671 1719 per
683 1637 754 1700 aiira
768 1637 851 1720 lapsu

101 1731 296 1814 Contigerant
309 1733 380 1795 teeti
394 1731 562 1795 Cadmeida
575 1734 700 1796 nubibus
715 1755 825 1796 arcem.
1031 1737 1074 1800 'to

140 1829 255 1892 Planus
270 1842 345 1906 erat,
359 1830 478 1913 lateque
493 1844 596 1913 patens
610 1851 703 1914 prope
719 1831 828 1894 moenia
841 1851 974 1914 campus,

100 1926 241 1990 Adsiduis
256 1927 388 2011 pulsatus
403 1927 486 2010 equis
496 1913 576 2014 ;}ubi
590 1927 675 1989 turba
689 1941 828 2004 totamm,

100 2023 244 2108 Duraque
259 2025 422 2088 mollierant
436 2023 583 2108 subjectas
597 2025 708 2105 ungula
723 2024 834 2105 glebas.

100 2120 174 2185 Pars
189 2122 230 2184 ibi
244 2122 281 2184 de
296 2136 411 2205 septem
426 2121 531 2203 genitis
545 2119 717 2204 Amphione
729 2119 818 2182 sortes

100 2217 315 2282 Conscendunt
329 2219 359 2280 in
374 2239 477 2302 equos,
491 2217 644 2301 Tyrioque
659 2217 794 2280 rubentia
808 2215 876 2281 suco
1032 2219 1076 2284 'ib

100 2313 202 2398 Terga
215 2328 370 2398 premunt3
392 2335 521 2398 auroque
535 2335 638 2397 graves
653 2315 841 2378 moderantur
854 2315 994 2378 habenas.

55 2490 58 2495 Ι
99 2409 130 2474 Ε
144 2413 250 2497 quibus
263 2411 406 2489 Ismenos,
422 2413 473 2496 qui
486 2412 570 2474 matri
584 2411 697 2474 sarcina
712 2411 860 2494 quondam

99 2509 203 2574 Prima
215 2531 275 2572 sua
290 2508 393 2586 bremt,
407 2510 479 2572 dum
493 2523 607 2572 certum
622 2508 714 2571 flectit
729 2508 758 2571 in
774 2510 875 2571 orbem

100 2607 321 2690 Quadrupedes
335 2627 447 2682 cursus,
461 2606 686 2689 spumantiaque
701 2626 752 2668 ora
766 2610 903 2682 coercet3

99 2703 181 2768 ‘Hei
195 2705 266 2767 mibi
276 2705 295 2767 !’
317 2704 500 2780 conclamat3
521 2703 679 2786 medioque
693 2705 723 2765 in
738 2717 858 2786 pectore
872 2701 950 2764 fixus
1032 2703 1077 2767 80

46 2817 48 2820 ’
98 2801 178 2866 Tela
193 2802 276 2890 gerit,
292 2800 447 2885 frenisque
462 2821 551 2863 manu
566 2801 709 2863 moriente
726 2799 852 2860 remissis

98 2899 135 2962 ln
149 2899 227 2962 latus
242 2920 259 2961 a
273 2899 379 2961 dextro
394 2897 536 2980 paulatim
550 2895 654 2958 defluit
669 2915 762 2957 armo,
775 2891 804 2972 .“,

98 2996 271 3072 Proximus,
285 2995 386 3057 audito
400 2994 496 3058 sonitu
510 3015 565 3077 per
579 2995 665 3056 inane
680 2993 833 3076 pharetra,

98 3092 207 3156 Frena
221 3092 310 3154 dabat
323 3091 462 3174 Sipylus:
486 3091 577 3152 veluti
591 3091 659 3152 edm
676 3090 811 3174 prescius
826 3088 924 3152 bnbris

98 3191 191 3254 Nube
205 3173 367 3272 sugit'visd,
382 3189 600 3289 pendentiaque
616 3189 745 3272 undique
760 3204 857 3251 rector
1034 3185 1078 3250 85

79 3318 82 3321 ·
98 3289 233 3352 Carbasa
248 3287 383 3362 deducit,'
395 3307 433 3348 ne
449 3285 595 3370 qualevis
610 3280 710 3347 effluat
726 3305 806 3347 aura.

99 3385 206 3448 Frena
221 3385 321 3446 dabat.
367 3383 500 3445 Dantem
514 3405 573 3444 non
588 3381 725 3445 evitabile
740 3381 833 3443 telum

99 3481 320 3567 Consequitur:
343 3475 519 3564 summique
534 3493 662 3542 tremens
676 3479 792 3540 cervice
807 3474 912 3557 sagitta

100 3579 212 3655 Hesi13
235 3593 266 3642 et
282 3578 419 3641 exstabat
433 3577 546 3639 nudum
561 3576 598 3638 de
614 3589 731 3657 gutture
744 3573 864 3636 serrum.

359 3679 379 3735 Ἰ
