2568 4248
184 449 246 512 170
421 453 626 504 unnomes..
648 451 822 501 uels‘ronn
846 451 923 503 xm.

182 605 264 672 luter
276 605 357 670 mille
372 618 450 669 retes
463 617 516 668 tua
529 604 567 666 sit
580 603 737 666 millesima
751 603 871 686 puppis,

223 703 353 789 lemque
368 703 501 786 fatigatas
515 702 619 764 ultima
634 714 732 763 verset
747 721 849 784 aquas,

183 800 253 866 Hoc
267 821 386 887 quoque
401 822 591 886 praemoneo:
615 799 652 861 de
669 819 745 861 nave
760 797 936 860 novissimus
952 798 1017 860 exi.
1131 797 1171 862 95

225 898 297 964 Non
311 913 367 978 est,
382 899 442 984 qud
458 919 610 983 properes,
625 910 703 959 terra
717 910 840 980 paterna
855 895 917 958 tibi.

184 996 266 1062 Clnn
281 997 394 1074 venies,
408 1017 549 1081 remoque
564 1016 652 1058 move
669 996 796 1079 veloque
811 994 959 1072 carinam3

225 1092 322 1193 lnqup
336 1109 388 1158 tuo
402 1095 532 1157 celerem
546 1094 643 1156 littore
657 1093 728 1155 siste
743 1093 878 1174 gradum.

184 1191 247 1255 Sed
261 1205 313 1256 tue
326 1213 380 1255 cur
392 1191 476 1254 nobis
493 1190 606 1274 pallens
621 1191 748 1253 occurrit
762 1191 880 1272 imago?

228 1288 295 1352 Cur
309 1289 390 1352 venit
405 1310 423 1351 e
437 1289 533 1351 verbis
548 1289 642 1350 multa
657 1289 778 1372 querela
792 1287 870 1350 tuis?
1111 1291 1173 1352 100

186 1383 333 1450 Excutior
346 1406 469 1462 somn03
491 1386 705 1470 simulacraque
720 1385 814 1448 noctis
829 1385 929 1463 adoro,

227 1481 321 1546 Nulla
333 1497 414 1546 caret
429 1482 510 1546 sumo
524 1483 678 1546 Thessalis
693 1505 743 1546 ere
756 1505 835 1546 rnen.
963 1555 971 1565 ,

185 1578 292 1643 Thura
306 1579 420 1657 demus,
434 1581 657 1665 lacrymamque
672 1579 763 1665 sup'er
771 1601 780 1658 ;
803 1581 863 1666 qud
876 1601 977 1665 sparsa
991 1579 1119 1659 relucet,

228 1675 274 1741 Ut
288 1678 363 1741 solet
378 1676 483 1740 adfuso
498 1682 618 1762 surgere
632 1679 753 1742 flamma
766 1699 858 1742 mero.

187 1773 257 1839 Hoc
272 1797 402 1861 quoque,
418 1775 498 1860 qudd
516 1777 595 1839 venti
610 1777 769 1861 prohibent
783 1778 865 1840 exire
880 1778 1005 1855 cannas,
1112 1779 1173 1841 105

228 1871 285 1936 Me
299 1887 418 1937 movet:
442 1873 539 1936 invitis
554 1875 595 1936 ire
611 1875 719 1958 paratis
734 1876 827 1959 aquis·

188 1969 268 2046 Quis
283 1971 355 2040 velit
368 1971 398 2033 in
414 1971 538 2054 patriam
554 1987 644 2034 vento
660 1973 835 2056 prohibente
850 1973 982 2037 reverti?

231 2069 262 2132 A
277 2069 373 2153 patrie
387 2069 494 2152 pelago
509 2069 576 2131 vela
591 2083 710 2133 vetante
726 2071 811 2133 datin

188 2163 259 2252 lpse
273 2188 358 2230 suam
372 2188 431 2230 non
446 2167 557 2250 praebet
571 2166 627 2228 iter
641 2165 800 2250 Neptunus
815 2169 853 2231 ad
868 2169 982 2232 urbem.

232 2261 307 2336 Qud
320 2262 423 2325 ruitis?
469 2260 591 2324 Vestras
607 2262 730 2345 quisque
746 2263 840 2326 redite
862 2265 976 2328 domos.
1115 2269 1177 2330 110

190 2357 266 2434 Qun
279 2359 371 2437 mitis,
385 2359 508 2423 Danal?
553 2358 669 2422 Ventos
685 2359 784 2422 audite
802 2375 945 2425 vetantes·

233 2453 302 2517 Non
317 2455 406 2519 subiti
420 2457 516 2532 casds,
532 2457 659 2519 numinis
674 2456 730 2520 ista
744 2480 826 2520 mora
843 2474 898 2522 est.

189 2549 275 2626 Quid
290 2552 401 2637 petitur
414 2566 506 2629 tento,
521 2553 577 2616 nisi
592 2556 684 2636 turpis
699 2555 842 2635 adultera,
858 2558 955 2621 bello?

233 2649 316 2714 Dum
331 2650 412 2729 lieet,
428 2649 555 2714 Inachiae
571 2652 676 2715 vertile
693 2655 761 2716 vela
774 2670 862 2718 rateS.

97 2826 98 2830 Ἰ
183 2747 253 2843 §ed
268 2750 338 2834 quid
353 2771 409 2834 ego
424 2771 534 2814 revoco
549 2750 633 2812 haee?
676 2749 777 2813 Omen
794 2754 958 2816 revocantis
973 2754 1091 2834 abesto,
1117 2759 1181 2820 115

232 2847 409 2934 Blandaque
424 2848 602 2933 compositus
617 2869 688 2911 aure
702 2851 847 2913 secundet
861 2873 962 2936 aquas.

157 3001 161 3009 .
191 2941 306 3008 Ultima
319 2947 458 3011 mandato
472 2948 628 3010 claudetur
641 2947 766 3030 epistola
782 2970 892 3032 parvo3

178 3110 187 3120 ,
230 3041 286 3104 ‘Si
300 3043 353 3105 nni
367 3063 439 3106 cure
453 3045 524 3122 mei,
538 3045 576 3108 eit
590 3045 642 3108 tibi
657 3067 729 3108 cura
744 3046 808 3110 tui.’
