2568 4248
491 427 665 480 artemas
687 429 747 478 vll.

136 570 252 636 Certus
267 591 312 649 es,
324 569 435 648 Roas,
448 593 519 636 oum
533 567 646 636 soedere
660 572 776 636 solvere
790 581 899 636 naresi

184 666 323 754 Quaque
338 669 389 733 ubi
403 668 461 734 sint
474 670 581 747 neseis,
595 667 671 734 luta
683 691 774 753 regua
788 670 883 755 sequi.

138 763 209 830 Neo
223 788 302 830 nora
314 765 476 850 Carthago,
490 788 548 831 nee
562 781 592 830 te
606 768 769 831 crescentia
782 782 904 850 tangunt

184 861 319 939 Moenia3
340 884 398 926 neo
412 877 530 948 seeptro
542 863 649 928 tradita
663 884 779 928 summa
793 878 855 928 tuo.
1081 869 1120 932 1⁰

138 958 237 1024 Facta
251 959 345 1044 sugis3
366 959 500 1024 iacienda
515 961 603 1046 petis.
648 960 820 1035 Querenda
834 983 889 1047 per
902 964 1004 1028 orbem

184 1059 300 1136 Altera,
314 1059 436 1144 quaesite
449 1074 494 1124 est
508 1060 600 1124 altera
614 1073 692 1122 terra
709 1060 773 1124 tibi.

138 1154 185 1222 Ut
200 1170 307 1220 terram
322 1157 465 1234 invenias,
480 1157 545 1242 quis
559 1177 627 1220 eam
641 1157 694 1220 tibi
709 1157 804 1221 tradet
819 1157 1009 1224 habendam?

184 1252 264 1328 Quis
277 1276 332 1318 sua
345 1277 404 1318 non
419 1255 495 1318 notis
509 1275 580 1318 arva
593 1255 723 1318 tenenda
736 1255 840 1320 dabit?
1026 1337 1028 1344 y

139 1353 228 1417 Alter
241 1353 395 1416 habendus
409 1373 492 1416 amor
504 1353 557 1416 tibi
572 1367 672 1432 restat,
687 1354 822 1417 etaltera
838 1352 937 1418 Dido:
1080 1357 1119 1421 15

182 1449 346 1536 Quamque
361 1452 467 1514 iterum
481 1450 576 1530 sallas,
591 1452 683 1534 qltera
697 1451 795 1516 danda
808 1451 892 1516 fides.

138 1545 273 1623 Quando
286 1549 352 1627 erit,
366 1563 399 1612 ut
411 1549 522 1613 condas
533 1549 624 1612 instar
633 1548 820 1632 Carthaginis
831 1549 946 1627 urbem,

181 1645 224 1710 Et
238 1647 338 1710 videus
354 1647 481 1731 populos
494 1648 571 1710 altus
585 1648 623 1710 ab
637 1669 705 1712 arne
719 1649 806 1712 tunsi

136 1743 249 1808 Omnia
262 1758 296 1808 ut
310 1745 457 1822 eveniant,
471 1766 528 1808 neo
542 1759 572 1808 te
587 1757 638 1808 tua
652 1760 721 1808 vota
735 1757 903 1824 morentur3

180 1841 272 1906 Unde
286 1844 350 1921 tibi,
366 1864 430 1929 quae
444 1856 475 1906 te
489 1843 532 1906 sio
546 1855 636 1921 amet,
650 1864 727 1906 uxor
740 1843 816 1906 erit?
1074 1844 1118 1908 20

136 1941 251 2004 AEneas
264 1941 359 2004 oculis
372 1961 491 2025 semper
504 1941 650 2024 vigilantis
664 1941 803 2004 inheret:

181 2039 299 2102 AEneau
314 2040 413 2102 animo
426 2059 547 2124 noxque
562 2038 685 2124 diesque
700 2037 800 2102 refert.

135 2136 192 2200 lile
207 2139 327 2223 quidem
341 2137 420 2201 male
435 2151 545 2221 gratus,
560 2150 591 2200 et
605 2137 643 2200 ad
658 2158 726 2200 mea
740 2155 862 2200 munera
876 2133 999 2215 surdtrs3

180 2234 223 2298 Et
237 2257 307 2321 quo,
321 2236 345 2299 si
358 2256 419 2300 non
433 2236 488 2299 sim
502 2235 600 2312 stulta,
615 2255 716 2298 carere
731 2235 837 2298 velim:

134 2331 208 2398 Non
222 2347 322 2398 tamen
337 2333 467 2411 AEnean,
482 2333 618 2419 quamvis
632 2333 710 2396 male
725 2333 845 2416 cogitat,
860 2331 927 2396 odi:
1073 2325 1116 2392 25

180 2431 242 2494 Sed
258 2453 364 2516 queror
376 2430 509 2508 infidum,
524 2445 687 2517 questaque
702 2429 787 2516 pejus
802 2452 880 2494 arno.

135 2527 244 2606 Parce,
260 2528 376 2606 Venus,
391 2528 488 2607 nurui,
502 2528 668 2613 durumque
683 2529 863 2614 amplectere
877 2526 1007 2609 fratrem,

179 2627 286 2690 Frater
299 2628 411 2690 Amor:
433 2627 536 2690 castris
549 2627 654 2690 militet
668 2626 717 2690 iile
734 2626 800 2690 tuis.

134 2724 260 2802 Fnilor;
282 2739 312 2788 et
326 2725 380 2788 ista
394 2725 467 2789 mihi
480 2723 554 2788 saled
564 2724 693 2810 jactatru
707 2725 815 2806 imago.

179 2819 285 2886 Matris
300 2823 338 2886 ab
352 2821 471 2906 iugenio
485 2823 604 2886 dissidet
620 2823 668 2886 ille
683 2843 754 2886 sua.
1072 2824 1117 2889 Μ

133 2921 185 2986 Te
200 2921 286 3005 lapis,
300 2935 331 2985 et
345 2935 471 2998 montes,
485 2921 643 3005 innataque
657 2920 779 3002 rupibus
793 2920 858 2984 altis

179 3019 313 3097 Robora,
328 3033 359 3083 te
373 3040 457 3082 saerae
473 3019 656 3102 progenuere
671 3016 757 3080 sera:

136 3119 202 3182 Aut
216 3138 309 3195 mare,
324 3117 410 3202 quale
425 3115 508 3179 vides
522 3117 624 3199 agitari
637 3137 717 3180 nunu
732 3137 851 3201 quoque
866 3117 979 3182 ventist

180 3213 274 3290 Quod
289 3229 389 3278 tamen
404 3214 533 3280 adversis
547 3213 684 3278 fluetibus
698 3214 739 3278 ire
754 3235 849 3297 paras.

27 3294 31 3301 ¹
136 3311 211 3389 Quo
227 3312 324 3396 sugis?
344 3313 443 3376 obstat
457 3311 570 3375 hiems:
593 3311 698 3376 hiemis
712 3311 784 3376 mihi
799 3312 891 3395 gratia
905 3313 1006 3398 presit.
1071 3315 1116 3382 ὅ

178 3411 325 3494 Adspice,
339 3425 373 3474 ut
387 3431 506 3474 eversas
519 3411 648 3474 ooueitet
663 3409 762 3474 Eurus
777 3431 878 3496 aquas.

136 3507 231 3585 Quod
246 3509 298 3572 tibi
313 3509 478 3587 maluerim,
492 3507 556 3572 sine
570 3529 620 3572 me
634 3508 743 3572 debere
757 3508 903 3592 procellis.

179 3605 292 3673 Justior
306 3621 352 3672 est
366 3607 464 3672 animo
479 3620 586 3671 ventus
599 3621 631 3670 et
645 3605 725 3670 unda
739 3619 801 3670 tuo.

441 3707 480 3768 14
