2568 4248
151 404 196 476 oq
465 398 813 456 uenenorunosnon

151 557 371 642 Goeruleusque
386 555 451 619 fluit
465 567 532 619 toto
542 551 581 622 de
594 571 718 638 corpore
733 549 838 613 sudor:

151 655 349 741 Ambustique
364 667 469 718 sonant
484 651 583 716 nervi:
606 649 744 734 cecique
759 645 896 712 medullis

150 753 237 818 Tabe
251 750 427 837 liquefactis,
441 749 566 813 tendens
581 747 618 810 ad
633 745 729 810 sidera
746 745 871 829 palmas,

151 848 335 928 ‘Cladibus’
351 849 510 923 exclamat,
526 843 692 922 ι8ιιιιιιιιὶιι,
707 863 829 928 pascere
844 841 966 908 nostris:

151 947 297 1011 Paseere:
321 960 352 1010 et
366 945 443 1009 hanc
458 957 575 1029 pestem
589 953 703 1026 specta,
717 939 854 1018 erudelis,
870 939 907 1002 ab
921 939 999 1002 alto:
1087 939 1133 1006 40

151 1043 273 1128 Corque
288 1042 383 1107 serum
396 1041 479 1107 satia.
524 1039 585 1102 Vel
599 1039 624 1102 si
637 1037 819 1101 miserandus
834 1049 866 1100 et
880 1036 976 1114 hosti;

154 1140 272 1223 (Hostis
286 1141 366 1206 enim
380 1141 433 1204 tibi
447 1137 529 1224 sum)
545 1137 613 1202 diris
627 1136 803 1202 cruciatibus
818 1156 937 1218 egram,¹

150 1240 340 1323 Invisamque
355 1237 493 1313 unimam,
507 1249 666 1320 natamque
680 1233 838 1314 laboribus,
854 1231 946 1296 auser.

151 1335 235 1401 Mors
249 1337 320 1400 mihi
334 1355 441 1398 munus
456 1333 528 1396 erit:
551 1331 639 1395 decet
654 1332 722 1395 haee
737 1331 806 1394 dare
822 1329 900 1394 dona
914 1349 1086 1394 novercam.

151 1433 234 1517 Ergo
248 1453 305 1516 ego
319 1431 480 1496 soedantem
494 1429 649 1516 peregrino
663 1430 778 1514 templa
789 1449 894 1496 cruore
1087 1426 1134 1494 45

152 1529 270 1596 Busirin
284 1530 406 1593 domui?
428 1531 566 1612 saevoque
580 1527 718 1592 alimenta
732 1526 861 1612 parentis

138 1629 260 1698 ‘Antaeo
274 1628 389 1713 eripui?
411 1647 467 1688 nec
483 1647 530 1688 me
545 1625 668 1709 pastoris
682 1622 760 1687 Iberi

152 1723 262 1790 Fonna
276 1725 403 1834 qiplex3
425 1745 482 1788 neo
497 1721 589 1786 sonna
604 1723 712 1834 triplex
727 1735 788 1798 tua,
803 1719 947 1798 Cerbere,
961 1718 1078 1784 movit?

152 1823 255 1886 Vosne
269 1807 374 1888 manus
388 1821 476 1885 validi
491 1821 635 1906 pressistis
649 1841 760 1883 oornua
773 1819 872 1884 taurii

139 1908 294 1985 Vestrum
309 1942 384 2005 opus
400 1919 463 1983 Elis
478 1919 579 1996 habet,
595 1933 725 1982 vestrum
740 1915 966 2002 Stymphalides
977 1913 1130 1994 undae,50

133 2004 142 2055 ¹·
151 2018 405 2103 Partheniumque
419 2019 545 2084 nemus?
568 2016 666 2080 vestra
680 2016 787 2079 virtute
805 2015 916 2081 relatus

151 2115 422 2180 Thermodontiaco
436 2116 555 2179 oaelatus
569 2115 684 2178 balteus
699 2135 781 2191 auro,

151 2213 306 2298 Pomaque
321 2213 358 2276 ab
373 2213 497 2276 insomni
514 2213 589 2276 meib
604 2211 751 2274 custodita
765 2209 892 2274 dracone
901 2210 926 2274 b

152 2309 219 2375 Neo
233 2311 305 2374 mihi
320 2308 464 2376 Centauri
479 2310 603 2393 potuere
617 2309 763 2386 resistere,
777 2329 833 2371 nee
848 2307 890 2371 mi

152 2407 287 2470 Arcadiae
302 2419 431 2469 vastator
445 2427 534 2490 aper;
556 2427 613 2469 nee
628 2405 737 2490 proluit
751 2403 864 2490 Hydrae
1087 2402 1134 2468 55*

152 2501 298 2566 Crescere
313 2524 367 2586 per
383 2501 534 2580 damnum,
549 2503 740 2588 geminasque
755 2523 905 2566 resumere
919 2501 1017 2565 vires?

152 2598 258 2676 Quid?
280 2600 349 2662 erim
363 2598 497 2663 Thracas
512 2622 614 2686 equos,
630 2601 761 2663 humano
774 2599 915 2682 sanguine
931 2600 1066 2688 pingues

152 2696 307 2782 Plenaque
322 2693 492 2782 coiporibus
508 2698 611 2764 laceris
626 2699 769 2782 presepia
783 2697 853 2775 vidi,

153 2792 286 2880 Visaque
302 2794 407 2879 dejeci,
422 2794 633 2880 dominumque
648 2797 786 2880 ipsosque
802 2794 936 2878 peremi?

153 2891 209 2954 His
225 2893 297 2956 elisa
306 2891 388 2977 jacet
402 2894 496 2956 moles
503 2891 540 2966 =N
543 2914 653 2956 emeaa
666 2891 805 2956 lacertis?
1076 2892 1121 2955 60

154 2989 223 3053 Hac
237 2991 348 3053 coelum
362 2991 478 3053 cervice
493 2991 567 3053 tuli?
611 2989 739 3054 Defessa
749 2988 883 3075 jubendo
897 3003 944 3055 est
954 3018 975 3050 ὴ
995 3029 999 3035 2

153 3087 240 3150 Saeva
252 3084 335 3148 Jovis
349 3085 477 3170 conjux:
500 3107 558 3168 ego
571 3108 637 3149 sum
652 3086 816 3151 indefessus
831 3085 957 3170 agendo.

153 3183 214 3245 Sed
228 3203 307 3244 nova
320 3183 411 3266 pestis
426 3182 527 3246 adest:
550 3184 598 3246 cui
613 3205 669 3246 nec
684 3185 790 3246 virtute
805 3184 909 3261 resisti,

153 3277 219 3343 Nee
234 3280 300 3342 telis
314 3279 439 3342 armisve
454 3293 562 3362 potest.
607 3278 803 3344 Pulmonibus
818 3295 895 3345 errat

152 3375 231 3462 Ignis
246 3376 347 3440 edax
339 3377 418 3453 imis,
431 3397 542 3461 perque
557 3398 660 3440 omnes
675 3378 805 3488 pasoitur
821 3394 910 3444 artus.
1087 3379 1132 3444 65

130 3476 195 3544 At
210 3475 289 3538 valet
304 3473 503 3562 Eurystheus,
519 3488 550 3540 et
564 3489 642 3554 sunt,
658 3497 709 3560 qur
700 3473 869 3540 credere
860 3477 973 3562 possint

125 3552 229 3640 {Esse
243 3572 348 3637 deosr’
393 3572 491 3641 Dixit.
536 3572 656 3660 Perque
671 3575 764 3642 ultum
778 3576 895 3640 saueius
910 3574 1008 3640 OEten
