2568 4248
181 354 224 419 88
489 355 838 411 daemomonum

179 507 380 594 Deseruitque
395 507 520 572 ducem:
542 507 671 592 coelique
685 506 825 590 cupidine
839 519 950 572 traoma

180 607 279 670 Altius
292 607 354 689 egit
368 606 432 669 iter.
477 603 587 688 Rapidi
604 605 710 667 vicinia
723 605 792 666 solis

179 699 278 766 Mollit
292 702 438 778 odoratas,
453 721 617 784 pennarum
633 701 759 777 vincula,
774 721 857 764 ceras
920 743 925 752 ·

178 797 351 862 Tabuerant
364 819 456 861 cera:
479 797 574 860 nudos
590 797 682 880 quatit
697 798 745 860 ille
760 799 904 861 lacertos:
1112 801 1160 867 45

178 893 379 980 Remigioque
393 915 496 958 carens
510 915 569 956 non
584 894 658 956 ullas
673 894 798 976 percipit
812 915 907 956 auras.

177 990 300 1077 Oraque
314 989 451 1067 caerulea,
466 990 591 1074 patrium
606 990 763 1052 clamantia
777 1011 896 1067 nornen,

179 1086 378 1173 Excipiuntur
390 1087 485 1172 aqud:
509 1108 573 1170 quae
588 1095 697 1148 nornen
712 1088 801 1150 traxit
815 1087 853 1150 ab
868 1087 928 1150 illo.

177 1186 222 1249 At
237 1201 321 1270 pater
334 1184 447 1262 infelix,
462 1205 518 1246 nec
528 1183 592 1267 jam
606 1197 700 1266 pater,
716 1183 839 1260 ‘lcare,'
855 1183 940 1263 dixit,

179 1290 188 1322 ‘
197 1281 301 1359 Ioare,’
317 1281 401 1357 dixit,
417 1280 485 1342 ‘ubi
500 1281 554 1342 es?
576 1279 636 1363 qud
650 1293 680 1343 te
695 1279 814 1362 regione
829 1282 997 1365 requiram?
1112 1285 1160 1350 50

177 1379 282 1455 lcare,’
298 1378 433 1440 dicebat:
457 1397 569 1459 pennas
584 1377 721 1461 adspexit
736 1378 764 1439 in
779 1378 875 1455 undis,

177 1474 369 1558 Devovitque
383 1495 450 1537 suas
464 1486 559 1549 artes3
580 1495 746 1557 corpusque
761 1475 897 1558 sepulcro

177 1573 331 1650 Condidit,
345 1585 377 1634 et
389 1570 477 1634 tellus
492 1592 510 1634 a
524 1571 643 1634 nomine
658 1572 737 1634 dicta
750 1573 871 1655 sepulti.
956 1631 961 1641 ,

220 1669 311 1732 Hunc
325 1669 424 1731 miseri
437 1668 552 1731 tumulo
567 1683 727 1750 ponentem
742 1691 866 1753 corpora
879 1671 939 1734 nati

177 1767 303 1831 Garrula
316 1765 432 1830 ramosa
446 1765 600 1850 prospexit
614 1766 651 1828 ab
666 1766 732 1828 ilice
748 1767 865 1850 perdix,
1111 1771 1157 1835 55

177 1865 219 1930 Et
234 1866 340 1950 plausit
355 1865 469 1949 pennis,
484 1877 650 1947 testataque
664 1864 772 1945 gaudia
784 1877 872 1927 'cantu
888 1877 950 1941 est;

179 1963 275 2028 Unica
289 1978 361 2026 tunc
375 1961 511 2038 volucris,
526 1981 582 2023 nec
599 1960 660 2022 visa
675 1960 817 2044 prioribus
831 1963 925 2041 annis,

176 2061 331 2146 Factaque
346 2081 441 2144 nuper
455 2059 527 2135 avis,
543 2059 663 2140 longum
678 2058 741 2136 tibi,
757 2057 892 2136 Daedale,
907 2059 1029 2124 crImen.

176 2159 316 2244 Namque
331 2158 400 2221 lruic
414 2157 582 2232 tradiderat,
598 2154 722 2218 latorum
739 2155 848 2238 ignara,
863 2155 1026 2220 docendam

176 2257 354 2339 Progeniem
369 2275 508 2336 gennana
522 2275 616 2329 suam,
631 2253 775 2314 natalibus
790 2254 862 2316 actis

175 2353 230 2417 Bis
246 2373 370 2436 puerum
384 2351 473 2426 senis,
488 2349 576 2412 animi
591 2350 629 2412 ad
644 2363 791 2434 praecepta
809 2351 953 2434 capacis..
973 2377 1013 2404 ν

175 2449 231 2513 Ille
246 2449 335 2512 etiam
350 2447 449 2510 medio
462 2447 561 2529 spinas
576 2447 606 2509 iu
622 2447 703 2530 pisce
717 2461 832 2510 notatas

175 2546 283 2609 Traxit
297 2544 531 2628 inexemplum:
555 2543 690 2628 fenoque
705 2545 805 2608 incidit
820 2560 908 2611 actito

176 2644 343 2728 Perpetuos
357 2643 479 2718 dentes3
501 2656 531 2706 et
546 2663 631 2704 serra
646 2643 756 2725 reperit
771 2665 867 2706 usum.

176 2741 294 2805 Primus
308 2755 339 2804 et
354 2761 394 2804 ex
409 2761 468 2803 uno
483 2738 542 2803 duo
556 2738 783 2803 ferreabrachia
797 2741 875 2804 nodo

177 2839 282 2903 Vinxit
292 2861 301 2916 ;
322 2852 365 2916 ut,
377 2839 480 2923 aequali
491 2839 587 2922 spatio
598 2838 770 2902 distantibus
785 2837 851 2915 illis,
877 2897 879 2902 .

176 2939 280 3003 Altera
294 2959 361 3020 pais
375 2951 482 3014 staret;
504 2957 570 3020 pars
586 2937 676 2999 altera
691 2935 813 2999 duceret
827 2936 940 2999 orbem.

219 3035 359 3097 Daedalus
374 3033 495 3107 iuvidit3
516 3032 659 3115 sacrique
675 3053 714 3094 ex
729 3053 796 3096 arce
811 3031 954 3097 Minervae

175 3130 362 3213 Praecipitem
376 3127 475 3202 mittit,
490 3128 605 3209 lapsum
620 3129 770 3192 mentitus.
814 3131 858 3194 At
872 3131 965 3210 illum,

176 3227 254 3301 Quae
269 3225 349 3289 lavet
363 3225 497 3306 ingeniis,
513 3223 634 3304 excepit
651 3223 769 3288 Pallas:
792 3247 937 3311 avemque
1108 3235 1153 3298 ’10

176 3323 331 3398 Reddidit,
345 3335 375 3385 et
389 3319 489 3383 nredio
503 3317 613 3381 velavit
627 3319 657 3381 in
672 3322 741 3382 aire
757 3343 872 3403 pennis.

176 3423 238 3487 Sed
252 3420 334 3502 vigor
348 3415 456 3500 ingenii
471 3414 620 3500 quondam
635 3416 746 3479 velocis
761 3417 876 3496 inulas,

175 3519 270 3604 Inque
286 3516 379 3602 pedes
393 3513 480 3577 abiit:
504 3533 623 3592 nomen,
638 3513 717 3599 quod
733 3526 763 3577 et
778 3513 858 3593 ant'e,
872 3519 1038 3620 remansiq
