2572 4242
512 437 620 500 lel
638 447 673 498 ll.

105 603 286 688 Seculaque,
301 617 333 666 et
347 603 449 688 posite
463 601 565 687 spatiis
581 599 740 686 equalibus
755 597 865 662 Hora:

107 699 224 786 Verque
239 723 349 764 novum
366 701 472 778 stabat,
487 700 617 762 cinctum
634 698 757 761 florente
772 697 900 761 coronb:

105 799 205 862 Stabat
219 800 299 862 nuda
315 799 427 876 AEstas,
443 813 472 861 et
487 799 588 882 spicea
602 811 679 859 serta
694 797 825 878 gerebat.

106 898 206 961 Stabat
221 912 251 961 et
266 897 582 974 Autumnus,·calcatis
597 895 730 958 sordidus
749 895 827 972 uvis,

106 995 145 1059 Et
158 997 287 1077 glacialis
303 995 419 1072 Hiems,
435 1017 525 1058 canos
540 996 650 1056 hirsuta
664 995 798 1077 capillos.

145 1093 217 1156 lnde
233 1095 300 1156 loco
316 1095 439 1168 medius,
455 1114 551 1156 rerum
568 1093 698 1154 novitate
715 1107 874 1175 paventem

105 1189 155 1254 Sol
170 1193 262 1254 oculis
273 1193 429 1276 juvenem,
444 1192 549 1275 quibus
565 1190 689 1273 adspicit
703 1191 812 1264 omnia,
826 1189 919 1252 vidit.e

105 1287 259 1374 ‘Quaque
276 1292 328 1353 vire
344 1291 394 1352 tibi
409 1291 519 1352 causa?
564 1287 648 1362 Quid
665 1287 742 1362 bdo,’
759 1288 809 1364 ait,
825 1295 911 1350 ‘arce
927 1285 1039 1371 petisti,

104 1386 276 1470 Progenies,
292 1387 463 1462 Pbadtbon,
479 1386 556 1450 haud
572 1386 726 1450 inficianda
743 1385 854 1469 parenti
865 1383 888 1448 l'

104 1483 158 1546 llle
172 1485 277 1548 refert:
301 1485 349 1548 ‘O
366 1487 418 1547 lux
433 1485 567 1547 immensi
585 1485 700 1568 publica
716 1484 829 1561 mundi,
1038 1481 1083 1547 ³5

104 1581 221 1646 Phoebe
237 1598 332 1666 pater,
347 1584 370 1645 si
386 1584 439 1645 das
454 1583 541 1668 hujus
557 1584 626 1644 mibi
643 1582 768 1644 nominis
783 1601 880 1660 usum,

104 1679 232 1762 Pignora
247 1682 295 1758 da,
309 1683 442 1765 genitor3
465 1703 597 1766 perque
612 1698 662 1744 tua
678 1701 747 1744 vera
763 1701 895 1764 propago

105 1775 227 1856 Credar,
243 1794 274 1842 et
289 1781 368 1842 hunc
383 1780 486 1842 animis
501 1801 628 1841 errorem
644 1779 765 1840 detrahe
783 1776 908 1840 nostris?

105 1872 241 1938 Dixerat.
286 1879 330 1939 At
345 1879 459 1959 genitor
472 1878 583 1940 circum
598 1893 687 1960 caput
702 1897 790 1938 outne
810 1877 952 1940 micantes

105 1971 254 2054 Deposuit
267 1977 390 2050 radios?
405 1977 583 2060 propilsque
599 1976 741 2038 accedere
753 1975 856 2059 jussit:
1039 1975 1083 2038 40

106 2070 319 2154 Amplexuque
334 2073 414 2148 dato,
429 2083 436 2109 ‘
450 2074 515 2137 Nec
530 2089 561 2136 tu
579 2095 661 2136 uleus
677 2094 742 2135 esse
759 2073 857 2152 negari

107 2165 222 2249 Dignus
236 2191 288 2244 es;
311 2185 341 2231 et
356 2167 506 2252 Clymene
523 2172 628 2245 veros,’
645 2173 695 2245 eit,
711 2171 821 2233 ‘edidit
836 2183 927 2232 ortus.

104 2263 239 2349 Qu'que
255 2267 350 2329 minfs
366 2267 499 2340 dubites3
523 2269 646 2350 quodvis
663 2285 731 2350 pete
747 2289 870 2331 nrunus:
894 2285 926 2331 ut
941 2267 1024 2346 illud,
1084 2296 1089 2305 ·

102 2361 158 2424 Me
174 2365 331 2440 tribuente,
348 2363 433 2426 letas·
479 2363 634 2427 Promissis
649 2368 730 2428 testis
744 2367 847 2430 adesto

101 2459 161 2523 Dts
177 2461 302 2545 juranda
321 2465 414 2545 palus,
429 2465 521 2526 oculis
537 2463 682 2544 incognita
698 2465 824 2526 nostris!
1039 2465 1082 2528 45

103 2557 166 2621 Vix
183 2561 259 2622 bene
275 2561 418 2626 desierat:
441 2582 543 2624 currus
559 2577 639 2642 rogat
655 2561 702 2622 ille
721 2579 866 2644 paternos,

100 2654 199 2740 lnque
215 2657 294 2719 diem
311 2660 459 2742 alipedum
472 2659 522 2743 jus
536 2673 566 2720 et
583 2659 770 2720 moderamen
787 2681 941 2744 equorum.

100 2753 248 2817 Poeuituit
259 2755 374 2840 jurasse
391 2771 514 2839 patrem.
560 2755 623 2829 Qui
639 2771 742 2840 terque
757 2771 919 2841 quaterque

99 2849 288 2916 Concutiens
304 2854 414 2915 illustre
428 2867 529 2936 caput,
545 2852 758 2928 ‘Temeraria,’
775 2853 860 2928 dixit,

99 2957 108 2986 ‘
124 2947 197 3010 Vox
213 2971 281 3012 mea
299 2949 374 3012 lucta
389 2951 441 3012 tud
456 2967 511 3012 est.
557 2950 678 3014 Utinam
697 2952 837 3033 promissa
854 2951 955 3016 liceret
1040 2955 1084 3018 50

99 3043 170 3108 Non
188 3047 276 3109 darc!
301 3045 455 3110 Confiteor
468 3049 563 3111 solum
581 3050 636 3111 boc
652 3049 712 3122 tibi,
729 3065 808 3124 nate,
824 3071 974 3132 negarem.

98 3144 283 3208 Dissuadere
300 3146 379 3208 licet.
425 3145 492 3209 Non
509 3163 554 3208 est
569 3161 619 3208 tua
634 3162 697 3209 tuta
713 3148 857 3210 voluntas.

97 3241 213 3323 Magna
231 3245 319 3326 petis,
336 3243 510 3320 Plra'tlron,
521 3260 550 3307 et
567 3267 631 3328 quae
647 3267 701 3308 nec
719 3246 826 3307 viribus
842 3245 902 3308 istis

97 3337 230 3402 Munera
244 3343 435 3418 conveniant,
451 3365 506 3405 neo
521 3357 581 3404 tam
601 3344 758 3425 puerilibus
774 3345 868 3404 annis.
886 3343 890 3350 '

94 3436 168 3499 Sors
186 3455 236 3500 tua
260 3440 407 3502 mortalis:
432 3463 489 3502 non
506 3455 552 3502 est
568 3442 690 3502 mortale
706 3441 783 3526 qnod
800 3457 896 3523 optas.
1041 3443 1083 3506 55

94 3534 172 3596 Plus
188 3537 290 3612 etiam,
308 3540 399 3620 quim
414 3539 492 3622 quod
508 3540 621 3622 superis
636 3540 806 3620 contingere
823 3539 865 3600 las
879 3539 927 3616 sit,

95 3631 227 3697 Nescius
244 3635 379 3698 affectas.
425 3636 549 3699 Placeat
563 3637 616 3700 sibi
632 3638 756 3721 quisque
770 3636 888 3712 licebit;
