2568 4248
232 449 292 512 1⁰2
521 455 877 512 uerrucaruosaou.

228 604 408 690 Hesperidas
423 605 549 668 donasse
563 617 661 690 putes.
706 605 739 668 Si
753 605 886 690 postibus
900 605 967 669 altis

226 702 371 766 Admovit
384 703 508 786 digitos3
530 716 631 788 postes
644 703 757 766 radiare
772 703 918 766 videntur.

226 797 281 864 Ille
296 800 385 863 etiam
399 801 516 885 liquidis
530 801 643 885 palmas
656 799 706 862 ubi
721 800 832 864 laverat
846 802 942 880 undiS,

227 896 318 961 Unda
332 897 427 960 fluens
442 898 546 981 palmis
561 896 688 959 Danaen
704 897 824 961 eludere
840 913 948 982 posset.

271 994 334 1058 Vix
350 1017 418 1079 spes
433 995 496 1078 ipse
510 1015 577 1056 suas
592 995 689 1056 animo
703 995 793 1078 capit,
809 1017 898 1058 aurea
911 997 1025 1079 fingens
1168 1001 1211 1072 3ss

227 1090 348 1156 Omnia.
392 1091 541 1155 Gaudenti
555 1113 671 1154 mensas
686 1093 811 1175 posuere
826 1093 958 1170 urinistri,

223 1187 402 1254 ‘Exstrucus
416 1189 551 1272 dapibus,
566 1210 622 1252 nec
637 1203 719 1252 tostae
735 1189 823 1271 frugis
838 1204 970 1272 egentes.

227 1285 308 1349 Tum
324 1285 406 1365 verd,
420 1285 482 1350 sive
497 1286 545 1349 ille
559 1286 614 1348 sua
628 1284 767 1350 Cerealia
781 1285 887 1350 dextri

226 1381 355 1446 Munera
368 1383 540 1466 contigerat,
555 1383 694 1446 Cerealia
707 1378 784 1446 dana
797 1385 938 1466 rigebant.

227 1478 297 1541 Sive
311 1478 404 1565 dapes
418 1481 505 1543 avido
519 1481 686 1543 convellere
701 1481 789 1543 dente
811 1482 941 1565 parabat,
1164 1488 1209 1550 35

226 1571 353 1639 Lamina
366 1576 447 1640 fulva
461 1578 552 1662 dapes
567 1579 687 1641 admoto
701 1579 790 1641 dente
805 1579 946 1642 nitebant.

225 1671 388 1738 Miscuerat
403 1676 482 1758 puris
497 1689 648 1738 auctorem
662 1676 791 1738 muneris
802 1677 898 1754 nudie,

226 1769 328 1834 Fusile
344 1793 398 1856 per
411 1773 501 1836 rictus
516 1795 618 1836 amum
634 1773 747 1836 fluitare
764 1774 888 1838 videres.

267 1869 420 1932 Attonitus
434 1871 564 1932 novitate
579 1871 659 1947 mali,
674 1871 826 1955 divesque,
837 1872 982 1956 miserque

225 1965 367 2050 Effugere
382 1979 465 2050 optat
479 1988 569 2052 opes:
593 1981 633 2045 et,
650 1989 713 2052 quae
728 1969 818 2030 modd
833 1983 963 2047 voverat,
978 1969 1053 2033 odit.

225 2064 324 2149 Copia
337 2066 417 2128 nulla
432 2064 541 2128 samem
555 2066 683 2129 relevat:
706 2066 768 2128 sitis
782 2066 862 2128 arida
875 2065 973 2148 guttur

224 2158 303 2239 Urit,
318 2176 349 2225 et
362 2163 455 2227 inviso
469 2163 588 2226 meritus
603 2177 753 2247 torquetur
766 2164 803 2226 ab
817 2185 898 2226 aum.

224 2257 275 2320 Ad
288 2259 459 2342 coelumque
474 2280 578 2322 manus
593 2272 624 2321 et
637 2259 791 2342 splendida
806 2259 923 2322 brachia
936 2259 1054 2338 tollens,

224 2361 233 2390 ‘
242 2354 293 2417 Da
306 2355 434 2432 veniam,
449 2354 560 2419 Lenaee
575 2370 676 2440 pater3
699 2355 908 2441 peccavimus?
924 2357 1034 2441 inquit:

223 2450 304 2513 ‘Sed
319 2452 466 2529 miserere,
482 2474 597 2536 precor,
612 2454 805 2539 speciosoque
819 2455 900 2538 eripe
915 2455 1049 2518 damno.’-
1156 2461 1203 2523 45

222 2547 299 2618 Mite
314 2548 404 2611 deum
418 2571 528 2612 numen
543 2551 684 2614 Bacchus
698 2551 839 2634 peccasse
854 2551 996 2616 fatentem

222 2645 374 2725 Restituit,
390 2661 566 2734 pactamque
582 2649 681 2726 fidem,
696 2649 909 2728 datamunera,
924 2650 1021 2713 solvit.

222 2743 328 2809 ‘Neve
343 2747 421 2810 male
436 2761 538 2832 optato
552 2768 672 2810 maneas
686 2746 863 2810 circumlitus
878 2769 960 2825 auro,

222 2843 332 2924 Vade‚'
348 2847 397 2926 ait,
412 2847 469 2912 ‘ad
483 2847 596 2931 magnis
611 2844 738 2909 vicinum
754 2845 893 2908 Sardibus
907 2865 1046 2925 amnem;

221 2944 341 3029 Perque
350 2944 457 3030 jugum
471 2945 579 3009 montis
593 2943 757 3008 labentibus
771 2943 874 3006 obvius
887 2943 972 3005 undis
1153 2949 1202 3012 50

136 3057 143 3076 ¹
221 3040 323 3122 Carpe
339 3042 434 3116 viam;
457 3039 552 3102 donec
568 3039 668 3102 venias
683 3040 721 3102 ad
736 3039 863 3102 fluminis
877 3051 968 3102 ortus.

220 3135 446 3219 Spumiseruque
462 3147 545 3198 tuum
560 3134 641 3212 fonti,
658 3138 717 3220 qua
733 3136 871 3220 plurimus
886 3137 959 3215 exit,

220 3233 321 3295 Subde
336 3245 442 3316 caput:
465 3253 632 3316 corpusque
647 3233 744 3310 simul,
760 3234 846 3296 simul
862 3235 929 3296 elue
943 3234 1079 3298 crimen?

219 3327 388 3412 Rex'jussae
402 3326 536 3390 succedit
550 3348 643 3410 aque.
690 3325 744 3390 Vis
759 3350 847 3390 aurea
864 3329 949 3392 tinxit

219 3425 358 3502 Flumen,
370 3440 399 3489 et
414 3426 543 3488 humano
558 3425 595 3487 de
609 3446 731 3510 corpore
746 3427 834 3490 cessit
848 3427 875 3488 in
892 3448 1021 3490 amnem.
1154 3433 1200 3496 55

219 3525 307 3588 Nunc
322 3545 440 3607 quoque
451 3522 514 3607 jam
530 3525 638 3586 veteris
653 3539 796 3607 percepto
810 3524 923 3588 semine
938 3545 1021 3588 venre

216 3621 300 3684 Arva
313 3619 418 3700 rigent,
433 3641 503 3682 auro
517 3620 641 3683 madidis
657 3619 795 3702 pallentia
809 3619 912 3700 glebis.
