2568 4248
510 432 618 482 nrnrm
640 433 697 483 xv.
810 439 811 442 ¹
1039 434 1100 496 145

112 580 223 666 Nuper
236 581 385 646 Abanteis
400 583 514 666 templo
527 574 654 646 lunonis
669 585 697 646 in
713 586 811 668 Argis.
1039 591 1101 656 10⁶

112 679 227 756 Omnia
242 695 412 746 mutantur:
435 682 507 744 nihil
522 682 630 746 interit.
677 682 774 762 Erret,
790 699 820 748 et
835 685 915 752 illino

112 775 188 842 Huc
202 781 295 858 venit,
310 780 380 844 hinc
394 779 475 858 illuc,
490 794 521 845 et
536 781 683 865 quoslibet
696 798 824 866 occupat
839 798 918 848 artus

114 867 262 960 Spiritus}
285 878 365 962 eque
380 877 449 941 seris
464 878 593 942 humana
608 879 637 942 in
652 901 776 966 corpote
791 883 904 961 tmnsit,

115 974 215 1060 lnque,
226 975 302 1039 seras
317 992 433 1040 noster:
456 997 514 1040 uec
529 990 664 1061 tempore
679 979 794 1062 deperit
809 981 880 1044 ullo.

114 1071 221 1158 thue
235 1075 320 1137 novis
335 1073 441 1156 singilis
456 1075 587 1157 signatur
600 1096 669 1139 cere
684 1077 793 1158 figuris,
1036 1081 1098 1146 110

113 1169 145 1235 N
147 1193 184 1236 ec
198 1187 299 1236 manet
313 1187 346 1236 ut
360 1172 466 1250 suerat,
481 1193 537 1236 nec
553 1172 660 1236 formas
674 1188 772 1238 servat
787 1174 927 1253 easdem

114 1269 177 1333 Sed
192 1284 292 1334 tamen
307 1271 372 1355 ipsa
386 1270 491 1334 eedem
506 1285 569 1334 est:
593 1272 721 1334 animam
738 1273 780 1336 sic
795 1295 915 1358 semper
929 1273 1057 1340 eandem

112 1366 205 1444 Esse,
219 1368 272 1431 sed
288 1368 317 1432 in
335 1369 427 1432 varias
442 1368 537 1432 doceo
553 1370 678 1452 migrare
693 1371 810 1453 ligures.

112 1464 209 1548 Ergo,
223 1488 261 1528 ne
276 1467 371 1551 pictas
386 1467 423 1530 sit
439 1467 518 1531 ricta
531 1468 671 1552 cupidine
688 1469 808 1548 ventris,

111 1563 234 1626 Parcite
252 1563 424 1651 (vaticinor)
441 1580 580 1648 cognatas
594 1567 676 1630 oaede
692 1566 822 1630 nefandi
1035 1571 1095 1634 115

111 1660 283 1726 Exturbare
298 1664 427 1728 animas:
450 1685 508 1727 nec
522 1664 664 1746 sanguine
678 1666 796 1748 sanguis
811 1666 916 1729 alatur.

157 1760 201 1824 Et
216 1763 354 1846 quoniam
370 1784 477 1845 magno
492 1761 569 1825 seror
584 1784 711 1847 equore,
727 1763 875 1847 plenaque
891 1765 988 1828 ventis

111 1857 299 1938 l⁷eladedi;
320 1860 392 1923 nihil
408 1874 453 1924 est
467 1874 530 1924 toto
545 1861 625 1944 quod
640 1875 751 1944 perstet
767 1862 796 1924 in
812 1862 894 1924 orbe.

2 1960 6 1969 '
111 1955 234 2020 Cuncta
249 1957 355 2036 fluunt,
370 1958 652 2042 omnisquevegans
667 1958 929 2042 sonnaturimago.

110 2056 184 2140 lpsa
200 2077 319 2141 quoque
333 2057 457 2120 adsiduo
471 2057 609 2121 labuntur
623 2071 758 2140 tempora
776 2072 858 2120 motu
1035 2059 1095 2124 lm

111 2154 183 2218 Non
199 2156 285 2218 secirs
300 2177 335 2218 ac
351 2156 473 2218 flumen.
490 2154 496 2167 '
518 2155 628 2240 Neque
643 2155 722 2218 enim
733 2155 893 2218 consistere
910 2153 1032 2234 flumen,

110 2251 181 2316 Nec
197 2253 269 2316 levis
285 2254 356 2316 horu
371 2267 484 2337 potest:
507 2252 571 2330 sed,
588 2267 619 2316 ut
634 2254 713 2316 unda
726 2252 887 2337 impellitur
901 2251 992 2331 undi,

110 2351 303 2437 Urgeturque
319 2355 398 2436 prior
414 2352 553 2428 venienti,
568 2366 712 2436 urgetque
729 2351 868 2436 priorem,

12 2463 16 2472 '
110 2449 267 2534 Tempora
280 2451 322 2514 sic
337 2449 451 2532 lugiunt
466 2449 584 2534 pariter,
601 2450 766 2534 pariterque
781 2463 963 2534 sequuntur:

111 2547 152 2612 Et
164 2571 244 2612 nova
252 2562 321 2611 sunt
329 2569 464 2632 semper:
481 2569 549 2610 nam
564 2548 643 2632 quod
655 2546 708 2610 suit
720 2548 800 2624 ante,
812 2548 946 2611 relictum
958 2561 1020 2611 est:
1034 2549 1094 2612 125

111 2645 234 2730 Fitque,
250 2646 330 2731 quod
344 2646 424 2708 haud
440 2645 551 2708 suerat:
574 2660 784 2729 momentaque
799 2659 907 2708 cuncto
921 2637 1078 2708 noventur.¹

111 2744 220 2809 Cernis
236 2758 267 2807 et
282 2765 411 2807 emersas
426 2765 454 2807 m
470 2742 568 2805 lucem
583 2743 706 2805 tendere
721 2756 834 2816 noctes,

111 2841 154 2906 Et
163 2842 254 2928 jubar
269 2843 325 2905 hoo
340 2841 464 2904 nitidum
480 2841 567 2924 nigre
583 2839 743 2904 succedere
759 2838 849 2900 nocti.

111 2939 180 3004 Nee
195 2940 278 3004 color
292 2953 336 3003 est
352 2938 431 3002 idem
445 2938 536 3015 coelo,
550 2939 619 3002 crim
634 2937 711 3000 lassa
726 2935 825 3019 quiete

111 3037 234 3102 Cuncta
245 3036 346 3122 jacent
362 3036 479 3112 medii3
502 3037 629 3119 cumque
646 3035 713 3098 albo
728 3031 850 3096 Lucifer
863 3032 926 3096 exit
1034 3033 1096 3098 1³0

2 3158 3 3171 ¹
61 3215 64 3220 Ι
111 3135 221 3199 Clarus
237 3157 333 3220 equo:
357 3156 532 3217 rursumque
548 3133 631 3210 alim,
646 3133 714 3195 clun
732 3131 840 3216 praevia
854 3130 911 3193 luci

110 3233 309 3296 Tradendum
323 3231 444 3295 Plroebo
458 3231 620 3294 Pallantias
635 3230 725 3292 inficit
741 3229 854 3293 orbem.

2 3384 3 3425 ἦ
111 3332 181 3416 lpse
198 3332 247 3394 dei
262 3331 400 3414 clypeus,
415 3328 575 3392 terricum
592 3327 701 3390 tollitur
715 3326 786 3402 imi,

111 3429 206 3492 Mane
222 3429 326 3492 rubet:
350 3429 499 3512 ternique,
514 3427 610 3504 rubet,
624 3425 694 3488 crim
709 3424 845 3488 conditur
860 3423 937 3486 int:
972 3485 977 3494 ,

2 3564 9 3605 1·
112 3527 270 3591 Candidus
285 3526 313 3590 in
329 3548 446 3590 summo
461 3540 518 3602 est,
533 3524 637 3587 melior
650 3536 754 3586 natura
769 3520 849 3607 quod
864 3519 924 3583 illic
1034 3517 1096 3582 1³5

111 3625 246 3689 AEtlreris
261 3639 318 3702 eet,
333 3638 478 3784 terreque
493 3622 595 3707 procul
610 3621 746 3702 contagio
762 3620 845 3682 vitat.

439 3724 459 3784 3
