2572 4242
177 437 221 500 20
489 439 838 491 mnrnmonrfloscon

179 591 282 656 Pleias
292 592 382 656 enixa
396 605 458 654 est:
480 591 600 674 latoque
615 591 676 667 det,
690 590 824 673 imperat,
839 590 965 672 Argum.

178 685 276 752 Parva
290 710 372 751 mora
386 702 442 764 est,
457 688 517 750 alas
533 688 670 771 pedibus,
685 688 856 770 virgamque
871 689 985 770 potenti
1091 691 1159 755 550

178 785 373 850 Somniseram
388 787 546 870 sumpsisse
562 807 660 863 manu,
676 787 864 868 tegimenque
879 787 1002 870 capillis.

176 883 253 947 Haec
268 885 316 946 ubi
332 885 486 967 disposuit,
502 884 596 966 patriis
609 883 687 946 dove
703 898 789 944 natus
804 885 841 945 ab
857 905 924 946 arce

178 979 286 1044 Desilit
303 982 330 1042 in
347 996 447 1044 terras.
491 981 556 1043 llbc
571 982 760 1064 tegimenque
776 981 911 1057 removit,

179 1079 220 1142 Et
235 1080 330 1162 posuit
348 1100 474 1162 pennas:
499 1079 703 1146 tantummodo
720 1079 798 1160 virga
814 1094 928 1142 retenta
942 1093 998 1142 est.

178 1175 246 1238 Hbc
262 1177 332 1258 agit,
347 1192 378 1238 nt
396 1190 502 1258 pastor,
520 1198 572 1257 per
586 1176 673 1238 devia
688 1198 753 1238 rura
768 1178 910 1259 capellas,
1090 1180 1155 1243 555

178 1273 261 1358 Dum
279 1275 368 1348 venit,
384 1274 541 1335 abductas:
566 1288 596 1334 et
611 1274 727 1335 structis
742 1290 841 1336 cantat
856 1275 967 1338 avenis.

222 1370 306 1434 Voce
323 1372 401 1432 nova
414 1387 519 1454 captus
534 1387 632 1434 custos
646 1371 803 1448 lunonius,
819 1374 882 1436 ‘At
897 1389 939 1450 tu,

178 1467 342 1551 ‘Quisquis
357 1491 399 1544 es,
416 1469 472 1530 boc
489 1485 604 1552 poteras
621 1491 738 1532 mecum
753 1471 906 1532 considere
922 1470 1016 1548 sax0‚'

178 1565 277 1646 Argus
293 1566 349 1628 ait:
374 1573 490 1649 ‘neque
506 1568 583 1627 enim
601 1568 699 1650 pecori
717 1567 880 1630 soecundior
894 1569 954 1630 ullo

178 1662 280 1725 Herba
296 1665 361 1726 loco
376 1679 436 1725 est:
461 1679 619 1748 aptamque
637 1667 718 1726 vides
735 1667 897 1747 pastoribus
912 1657 1066 1728 umbram!

178 1761 261 1822 Sedit
276 1762 471 1837 Atlantiades,
487 1778 517 1824 et
538 1777 657 1825 cuntem
673 1764 764 1824 multa
781 1763 927 1846 loquendo
1089 1765 1148 1828 561

178 1857 313 1921 Detinnit
329 1881 463 1921 sermone
479 1860 575 1922 diem:
595 1861 764 1944 junctisque
779 1861 914 1925 canendo

179 1955 308 2019 Vincere
324 1957 511 2019 arundinibus
526 1959 671 2020 servantia
687 1959 796 2020 lumina
811 1974 922 2022 tentat:

177 2053 231 2117 llle
246 2071 344 2118 tamen
361 2071 469 2138 pugnat
485 2056 589 2119 molles
604 2057 740 2118 evincere
755 2079 889 2119 somnos:
1165 2126 1170 2128 ,

178 2153 229 2227 Et,
245 2155 378 2237 quamvis
393 2175 481 2237 sopor
495 2171 539 2217 est
554 2156 706 2229 oculorum
723 2170 805 2238 parto
821 2169 975 2238 receptus3
1090 2155 1153 2218 565

177 2249 267 2312 Parte
283 2267 381 2313 tamen
398 2252 507 2331 vigilat.
552 2251 665 2324 Quaerit
683 2273 811 2334 quoque,
829 2252 972 2336 (namque
987 2267 1106 2337 reperta

177 2345 293 2409 Fistula
308 2369 404 2429 nuper
419 2349 495 2430 erat)
513 2349 572 2430 qua
586 2349 621 2409 sit
638 2349 748 2410 ratione
764 2363 890 2431 reperta.
936 2383 938 2386 ·

177 2442 263 2506 Talia
280 2444 407 2506 dicturus
424 2445 495 2506 vidit
512 2443 667 2527 Cyllenius
681 2467 784 2508 omnes

178 2542 375 2604 succubuisse
391 2542 503 2616 oculos,
519 2542 719 2626 adopertaque
735 2544 845 2605 lumina
867 2566 981 2608 somno.

179 2639 340 2721 Supprimit
356 2640 510 2722 extemplo
526 2663 646 2703 vocem:
671 2642 823 2726 firmatque
839 2663 986 2725 soporem,
1090 2644 1154 2706 570

179 2736 334 2819 Languida
349 2739 535 2820 permulcens
550 2740 697 2802 medicata
713 2741 821 2803 lumina
837 2741 928 2823 virga.

179 2834 246 2897 Nec
262 2857 358 2899 mora:
383 2835 489 2899 falcato
505 2853 656 2900 nutantem
674 2841 806 2902 vulnerat
822 2861 903 2914 ense,

179 2931 253 3004 Qut
266 2934 343 2996 collo
357 2935 472 2996 confine
486 2952 593 3018 caput:
617 2958 749 3020 saxoque
764 2953 919 2999 cruentum

179 3028 308 3114 Dejicit;
331 3045 361 3094 et
376 3033 503 3094 maculat
521 3049 693 3114 praeruptarn
709 3035 848 3114 sanguine
864 3047 992 3096 cautem.

178 3128 271 3209 Arge,
283 3129 382 3213 jaces:
406 3131 543 3213 quodque
561 3131 588 3190 in
604 3145 647 3190 tot
662 3130 771 3190 lumina
787 3130 885 3191 lumen
902 3130 1030 3192 habebas
1090 3132 1153 3194 575

179 3226 368 3288 Exstinctum
384 3243 445 3289 est:
469 3242 648 3306 centumque
664 3227 764 3286 oculos
780 3249 839 3288 nox
855 3243 982 3310 occupat
998 3249 1066 3291 una.

180 3323 302 3406 Excipit
317 3325 380 3399 boS,
397 3324 581 3404 volucrisque
596 3342 654 3382 suae
671 3321 806 3383 Saturnia
823 3327 925 3405 pennis

179 3420 335 3497 Collocat3
365 3435 396 3480 et
410 3419 533 3500 gemmis
548 3418 672 3479 caudam
688 3419 871 3481 stellantibus
887 3421 1000 3502 implet.

222 3517 360 3579 Protinus
375 3516 494 3591 exarsit,
510 3536 566 3577 nec
582 3530 716 3598 tempora
731 3517 843 3579 distulit
859 3519 916 3594 irac,

181 3612 420 3696 Hom-iseramque
435 3613 527 3676 oculis
542 3613 698 3698 animoque
713 3613 822 3699 objecit
838 3614 973 3700 Eriunyn
1091 3620 1155 3684 580
