2576 4232
517 411 623 462 atses
649 411 721 462 xnr.

130 561 239 628 Mallet
253 575 284 626 et
297 559 400 626 infelix
414 553 592 624 Palamedes
605 580 672 624 esse
685 561 814 646 Uetus.

132 661 276 740 Viseret3
294 662 442 728 auteerre
457 661 549 722 letum
564 661 627 722 sine
641 661 762 722 crimine
778 661 910 724 haberet.

130 857 264 922 Prodere
279 877 343 920 rem
357 855 494 919 Danaam
509 856 611 918 linxit:
635 857 794 939 fimumque
811 857 943 938 proltamt

132 955 267 1032 Crimen,
283 969 314 1018 et
328 954 464 1030 ostendit,
481 953 559 1036 quod
570 952 632 1036 jam
652 951 835 1036 praefoderat,
850 975 964 1015 aurum.
1064 957 1108 1018 60

175 1053 259 1135 Ergo
273 1067 324 1116 aut
338 1051 443 1114 exsilio
458 1053 534 1113 vires
550 1050 691 1112 subduxit
706 1051 840 1127 Achivis,

132 1153 198 1215 Aut
212 1171 299 1214 nece.
343 1149 393 1212 sio
408 1161 531 1232 pugnat,
545 1149 587 1212 sio
603 1162 648 1210 est
662 1147 848 1224 metuendus,
862 1147 1001 1231 Ulysses.

132 1245 208 1326 Qut,
223 1249 293 1310 licit
307 1247 425 1330 eloquio
438 1247 527 1308 fidum
544 1267 661 1329 quoque
677 1244 803 1306 Nestora
819 1246 928 1323 vincat,

132 1344 225 1408 Haud
239 1359 338 1408 tamen
353 1345 472 1420 efficiet,
488 1345 635 1405 desertum
651 1358 683 1406 ut
698 1341 824 1405 Nestora
839 1344 950 1408 crimen

133 1442 210 1506 Esse
224 1464 289 1505 rear
302 1443 427 1505 nullum.
472 1441 546 1518 Qui,
561 1443 629 1503 eim
645 1442 811 1524 imploraret
827 1441 969 1526 Ulyssem
1064 1441 1107 1507 65

133 1540 269 1604 Vulnere
281 1541 379 1603 tardus
394 1540 473 1624 equi,
489 1539 641 1622 fessusque
656 1540 793 1602 senilibus
808 1540 901 1617 annis,

132 1638 273 1702 Proditus
286 1659 304 1700 a
318 1638 397 1700 socio
412 1651 467 1700 est.
513 1635 581 1699 Non
597 1637 659 1698 lraeo
674 1637 745 1699 milri
761 1639 881 1700 crimina
896 1638 964 1721 fingi

133 1735 197 1798 Scit
211 1736 287 1798 bene
302 1735 454 1818 Tydides:
479 1736 528 1819 qui
543 1735 661 1797 nomine
676 1755 755 1818 sepe
771 1751 908 1796 vocatum

133 1831 302 1916 Corripuit;
324 1833 498 1915 trepidoque
513 1831 611 1914 sugam
627 1833 814 1914 exprobravit
829 1833 935 1896 amieo.

132 1930 313 2012 Adspiciunt
327 1931 418 1992 oculis
433 1931 529 2012 superi
546 1931 677 1992 mortalia
688 1929 783 2012 justis.
1065 1931 1109 1992 70

133 2025 183 2090 En
199 2047 267 2109 eget
281 2029 401 2104 auxilio,
417 2029 539 2111 quinon
555 2028 638 2089 tulit:
661 2041 752 2108 utque
768 2027 894 2110 reliquit,

133 2125 184 2187 Sic
200 2125 374 2209 linquendus
389 2138 461 2186 erat.
506 2124 622 2206 Legem
637 2124 689 2184 sibi
710 2123 824 2185 dixerat
839 2125 913 2206 ipse.

132 2215 310 2284 Conclamat
325 2223 429 2283 socios.
475 2221 610 2296 Adsum3
632 2221 779 2304 videoque
793 2235 980 2300 trementem,

133 2317 361 2402 Pallentemque
376 2339 468 2393 mern,
484 2339 518 2379 ae
533 2319 728 2400 trepidantem
744 2335 837 2381 morte
853 2319 959 2382 lutari.

133 2415 270 2500 Opposui
287 2417 394 2478 molem
409 2417 527 2499 clypei;
550 2416 672 2499 texique
683 2416 852 2500 jacentem3
1065 2420 1108 2482 75

133 2515 316 2598 Servavique
332 2514 458 2576 animam
477 2514 643 2597 (minimum
659 2530 702 2576 est
719 2515 775 2576 hoc
790 2515 898 2600 laudis)
916 2517 1051 2578 inertem.

134 2613 167 2675 Si
183 2630 294 2696 perstas
309 2627 431 2688 certare,
447 2613 544 2674 locum
560 2612 713 2674 rerleumus
728 2613 756 2674 in
772 2614 882 2675 ullum:

134 2706 243 2772 Redde
259 2711 385 2784 hostem,
401 2710 565 2792 vulnusque
581 2725 674 2792 tuum,
689 2711 865 2792 solitumque
881 2711 1034 2772 timorem:

134 2805 208 2869 Post
222 2807 422 2890 clypeumque
438 2807 516 2869 late:
541 2821 570 2869 et
585 2829 702 2868 meeum
718 2807 864 2868 contende
879 2805 934 2867 sub
949 2805 1008 2868 illo.

134 2903 179 2966 At
194 2917 349 2986 postquam
365 2905 475 2988 eripui;
497 2905 544 2968 oui
559 2905 654 2967 standi
671 2905 791 2966 vulnera
808 2905 882 2966 vires
1067 2903 1111 2966 ὅ)

128 2999 205 3063 vNon
220 3001 371 3078 dederant,
386 3003 467 3064 nullo
481 3003 609 3065 tardatus
626 3004 746 3064 vulnere
758 3001 840 3084 sugit.

178 3097 293 3163 Hector
307 3101 399 3177 adest,
414 3122 576 3184 secumque
592 3101 662 3163 deos
678 3103 707 3164 in
724 3101 827 3184 proelia
843 3091 944 3163 duoit:

136 3197 269 3283 Quique
284 3199 351 3276 ruit,
366 3221 425 3261 non
440 3214 472 3261 tu
487 3201 601 3261 tantlrm
617 3202 743 3277 terreris,
759 3199 882 3283 Ulysse‚

135 3297 198 3360 Sed
213 3297 301 3360 fortes
316 3298 425 3360 etiam:
449 3312 563 3358 tantum
579 3299 665 3359 trahit
681 3299 729 3360 ille
744 3298 864 3361 timoris.

136 3395 227 3458 Hunc
243 3417 299 3477 ego
314 3395 480 3476 sanguineae
495 3415 633 3455 successu
648 3396 736 3458 caedis
751 3413 888 3458 ovantem
1067 3393 1110 3456 85

135 3492 281 3556 Cominus
296 3492 407 3574 ingenti
422 3491 593 3574 resupinum
608 3491 738 3574 pondere
754 3491 825 3556 ludi.

135 3588 227 3653 Hune
242 3611 299 3672 ego
313 3603 497 3672 poscentem,
513 3609 583 3650 oum
598 3609 657 3672 quo
672 3600 868 3664 concurreret,
884 3608 959 3650 unus
