2586 4234
554 415 663 466 LIBER
679 415 727 466 111.

145 567 242 632 Cedit
257 565 444 649 Agenorides
459 566 599 648 paulinn:
622 565 775 650 spolioque
790 565 884 629 leonis

145 666 282 730 Sustinet
296 664 429 726 incursus
442 685 449 740 ;
473 664 669 747 instantiaque
684 685 735 726 ora
750 664 877 728 retardet

146 754 285 846 Cuspide
301 762 455 845 praetenti.
500 761 586 826 Furit
600 762 660 838 ille,
676 776 707 824 et
721 762 817 824 inania
831 763 906 826 duro
1087 761 1131 826 60

147 859 284 922 Vulnera
298 860 349 923 dat
364 858 459 922 ferro:
483 859 647 943 frangitque
662 860 691 930 in
707 860 843 922 acumine
858 859 973 922 dentes.

144 957 278 1042 Jamque
294 957 465 1020 venenifero
478 957 596 1040 sanguis
611 978 731 1019 manare
749 958 849 1040 palato

146 1053 314 1136 Coeperat3
337 1068 367 1117 et
384 1054 488 1116 virides
502 1055 678 1136 adspergine
693 1054 822 1116 tinxerat
836 1053 957 1116 herbas:

146 1152 212 1215 Sed
227 1153 294 1215 leve
311 1153 416 1214 vulnus
431 1166 510 1215 erat:
535 1153 604 1236 quia
618 1172 651 1214 se
665 1151 833 1214 retrahebat
847 1153 885 1214 ab
899 1151 979 1228 ictu3

145 1251 296 1334 Lasaque
312 1251 395 1314 colla
404 1251 491 1313 dabat
505 1265 601 1327 retro3
624 1251 801 1333 plagamque
815 1249 919 1313 sedere
1088 1247 1130 1313 65

146 1347 298 1411 Cedendo
313 1349 445 1425 arcebat,
458 1371 514 1411 nec
529 1349 644 1431 longius
660 1349 701 1410 ire
716 1348 846 1411 sinebat:

81 1439 83 1444 ’
145 1443 258 1509 Donec
274 1448 459 1528 Agenorides
474 1446 643 1532 conjectum
658 1447 687 1509 in
703 1459 820 1528 gutture
835 1445 943 1508 fenum

145 1541 255 1627 Usque
271 1565 398 1627 sequens
413 1545 528 1627 pressit,
543 1545 614 1606 dum
630 1557 707 1606 retro
722 1565 848 1628 quercus
862 1543 944 1607 eunti

144 1641 290 1718 Obstitit;
313 1656 343 1704 et
357 1643 417 1704 fixa
432 1657 477 1704 est
492 1641 599 1726 pariter
613 1663 681 1705 cum
697 1643 800 1704 robore
814 1642 929 1704 cervix.

144 1739 288 1802 Pondere
303 1741 447 1822 serpentis
462 1755 583 1802 curvata
598 1755 643 1802 est
658 1741 753 1816 arbor,
768 1753 798 1802 et
814 1740 878 1802 ime
1087 1743 1131 1804 to

145 1837 239 1901 Parte
255 1837 395 1920 flagellari
411 1839 523 1920 gemuit
537 1859 591 1900 sua
605 1838 709 1901 robora
722 1837 835 1899 cauda.
851 1879 859 1898 ,

190 1936 276 1999 Dum
290 1937 417 2020 spatium
434 1938 527 2000 victor
541 1937 610 1999 victi
626 1935 792 1998 considerat
807 1935 916 2012 bostis3

147 2033 223 2096 Vox
237 2035 335 2097 subito
350 2036 448 2097 audita
464 2049 525 2097 est:
547 2034 665 2122 (neque
681 2047 744 2094 erat
757 2052 936 2114 cognoscere
951 2043 1122 2115 promptum

145 2131 259 2209 Unde3
281 2133 333 2194 sed
349 2133 447 2195 audita
462 2131 522 2218 est)
541 2133 655 2210 ‘Quia
672 2132 812 2214 Agenore
828 2143 908 2207 nate,
923 2142 1112 2214 peremptum

147 2229 327 2312 Serpentem
342 2233 481 2313 spectas?
503 2244 534 2293 et
549 2246 580 2294 tu
595 2230 769 2314 spectabere
785 2227 929 2312 serpens)
1088 2229 1131 2292 '15

146 2326 204 2390 Ille
220 2328 270 2389 diu
285 2329 420 2410 pavidus,
437 2329 546 2411 pariter
559 2350 627 2391 cum
644 2342 744 2390 mente
759 2328 889 2390 colorem

145 2423 322 2488 Perdiderat
331 2449 339 2502 ;
363 2427 520 2510 gelidoque
534 2448 625 2489 comae
641 2440 751 2488 terrore
766 2426 910 2508 rigebant.

190 2521 275 2584 Ecce
292 2524 343 2584 viri
359 2523 478 2600 fautrix,
493 2545 613 2606 superas
629 2523 751 2606 delapsa
765 2545 819 2606 per
833 2543 928 2600 auras,

146 2619 248 2683 Pallas
264 2621 365 2684 adest:
389 2636 536 2705 motaeque
548 2621 634 2706 jubet
648 2643 815 2705 supponere
831 2635 915 2685 terre

147 2717 303 2802 Vipereos
313 2719 428 2795 dentes,
444 2719 546 2802 populi
561 2719 742 2782 incrementa
756 2717 856 2780 futuri.
1087 2719 1130 2780 ἃ)
1180 2716 1184 2724 '

145 2815 256 2878 Paret:
280 2831 311 2878 et
324 2832 358 2879 ut
374 2837 476 2899 presso
491 2817 605 2880 sulcum
621 2816 762 2900 patefecit
777 2830 883 2893 aratro,

146 2913 268 2997 Spargit
282 2915 364 2977 humi
375 2914 483 2998 jussos,
499 2912 630 2978 mortalia
646 2914 769 2991 semina,
785 2913 899 2978 dentes.

146 3010 222 3072 Inde
240 3011 314 3097 (fide
330 3010 439 3098 majus)
456 3012 548 3094 glebae
563 3012 685 3096 ooepdre
701 3011 828 3076 moveri:

146 3108 309 3193 Primaque
326 3111 364 3171 de
379 3110 467 3172 sulcis
483 3111 560 3172 acics
575 3111 711 3193 apparuit
726 3111 827 3173 hastae.

147 3205 297 3288 Tegmina
311 3229 383 3270 mox
397 3209 529 3290 capitum
544 3209 624 3290 picto
639 3209 771 3270 nutantia
785 3229 879 3271 cono:
1086 3209 1130 3271 85

147 3302 225 3366 Mox
241 3305 358 3367 humeri
374 3319 549 3388 pectusque,
565 3321 744 3390 onerataque
757 3307 879 3370 brachia
892 3305 958 3370 telis

147 3399 324 3464 Exsistunt:
346 3403 512 3486 crescitque
527 3425 612 3484 seges
627 3404 768 3488 clypeata
781 3405 920 3468 virorum.

147 3499 208 3576 Sic,
225 3502 274 3564 ubi
291 3501 433 3564 tolluntur
447 3500 527 3564 festis
543 3503 634 3565 aulea
649 3505 779 3581 theatris,

405 3602 426 3660 4
