2568 4248
170 416 233 482 tte
463 455 466 460 -
528 429 613 491 nux,
635 426 777 476 nonem.

167 581 212 646 At
224 579 325 658 rubus,
339 593 371 642 et
384 593 483 642 sentes
497 576 702 640 tantummodo
716 575 823 640 ledere
838 590 925 656 natae,
937 633 961 659 χ
1107 581 1150 642 95

209 677 361 762 Spineque
377 673 507 738 vindictis
519 689 625 737 caetera
638 688 702 736 tuta
716 672 771 736 suia
787 688 842 750 est,

116 797 121 807 ·
169 775 235 854 Me,
250 776 319 860 quia
332 795 389 838 nec
404 794 510 849 noceo,
524 793 581 836 neo
595 772 717 834 obuncis
732 771 863 834 vindicor
876 771 983 849 barnis,

209 871 304 938 Missa
317 885 422 957 petunt
436 871 524 934 avide
537 891 610 932 saxa
623 885 762 953 proterva
774 891 874 932 manu.

169 961 265 1048 Quid,
280 970 304 1034 si
318 991 378 1032 non
393 981 476 1054 aptas
490 968 584 1031 solem
597 966 776 1050 fugientibus
790 966 920 1045 umbras,

211 1066 348 1132 Finditur
361 1066 455 1131 loario
469 1068 538 1130 oum
552 1087 626 1128 eane
641 1079 727 1143 terra,
743 1064 865 1127 darem?
1088 1067 1150 1130 100

170 1165 266 1244 Quid,
280 1164 336 1228 nisi
349 1164 506 1246 suffugium
521 1164 636 1226 nimbos
651 1163 810 1225 vitantibus
824 1182 921 1252 essem
933 1183 943 1238 ;

213 1262 284 1325 Non
295 1261 474 1346 exspectata
486 1261 556 1323 elnn
571 1261 652 1324 venit
665 1261 759 1322 imber
773 1259 872 1343 aquai?
891 1305 898 1322 .

171 1360 282 1424 Omnia
295 1360 364 1426 cum
378 1357 495 1442 seciam,
509 1358 579 1420 edm
594 1372 729 1441 praestem
742 1356 846 1420 sedule
859 1355 973 1422 cunetis

214 1455 366 1534 Officium,
381 1456 460 1518 saxis
475 1455 607 1517 officiosa
621 1469 716 1538 petor.

173 1551 248 1615 Haec
261 1552 333 1614 mihi
347 1572 505 1634 perpessae,
521 1550 630 1613 domini
645 1550 783 1634 patienda
797 1551 917 1634 querela
931 1564 987 1614 est.
1089 1554 1151 1615 105

215 1648 315 1712 Causa
329 1649 451 1725 habeor,
467 1669 555 1731 quare
570 1647 608 1710 sit
622 1647 770 1730 lapidosus
786 1669 866 1730 ager.
880 1676 896 1716 u

173 1747 315 1832 Dumque
330 1759 467 1830 repurgat
482 1746 616 1822 humum,
630 1745 814 1828 collectaque
829 1766 902 1808 saxa
914 1745 1049 1824 remittit,

167 1905 169 1912 ,
194 1929 196 1934 Ι
216 1845 342 1928 Semper
357 1843 467 1906 habent
480 1844 510 1906 in
524 1863 573 1904 me
588 1843 647 1905 tela
666 1856 767 1926 parata
783 1843 847 1906 vie.

173 1941 256 2024 Ergo
270 1943 362 2010 invisa
376 1941 448 2019 aliie,
464 1939 514 2002 uni
528 1939 600 2002 mihi
614 1939 719 2021 frigora
733 1954 875 2022 prosunt:

216 2039 271 2104 lllo
285 2061 334 2102 me
349 2053 441 2102 tutam
456 2052 590 2121 tempore
606 2051 722 2120 praestat
737 2037 843 2100 hiems.
1091 2042 1152 2102 110

174 2136 264 2200 Nuda
279 2137 396 2221 quidem
412 2157 483 2198 runc
497 2156 581 2212 sum;
603 2134 712 2196 nudam
727 2149 827 2196 tamen
841 2134 1082 2218 expedrfflse-:ffl

216 2232 284 2297 Neo
298 2233 424 2318 spolium
439 2232 477 2294 de
492 2253 553 2309 me,
568 2232 647 2316 quod
663 2244 753 2314 petat,
769 2232 859 2295 hostis
873 2231 974 2298 babet.

173 2332 217 2395 At
231 2331 317 2393 simul
332 2330 484 2393 induimus¹
495 2329 599 2391 nostris
613 2350 666 2391 sua
679 2348 802 2390 munera
817 2329 920 2406 ramis3

216 2429 297 2490 Saxa
311 2446 405 2489 novus
419 2424 529 2488 fructus
543 2426 683 2507 grandine
697 2425 782 2509 plura
797 2440 912 2508 petunt.
983 2453 993 2464 ·

173 2523 309 2588 Forsitan
324 2521 373 2585 hic
388 2521 492 2605 aliquis
507 2522 595 2597 dieat,
609 2531 619 2610 ξ
633 2520 711 2595 Quae
725 2522 843 2607 publiea
857 2536 991 2605 tangunt,
1090 2525 1154 2589 115
1233 2517 1238 2524 ’

216 2619 350 2704 Carpere
364 2639 539 2682 concessum
554 2630 616 2680 est:
639 2618 696 2680 hoc
712 2619 759 2682 via
769 2616 842 2703 juris
857 2619 969 2682 babet.'

174 2718 207 2782 Si
220 2719 291 2782 lieet
305 2720 380 2796 hoc;
402 2717 482 2781 oleas
497 2716 675 2798 distringite:
698 2717 800 2778 cedite
814 2737 938 2780 messes.

216 2815 366 2900 improbe,
381 2816 508 2879 vicinum
523 2835 623 2898 carpe,
639 2813 741 2889 viator,
756 2814 830 2875 olus.

175 2912 268 2976 Intret
282 2926 313 2975 et
327 2912 452 2975 urbanas
467 2913 572 2974 eadem
588 2910 750 2995 petulantia
764 2923 881 2994 portas3

218 3007 321 3091 Sitque
335 3009 392 3071 tuis
406 3009 506 3085 muris,
521 3007 662 3084 Romule,
672 3007 746 3092 juris
761 3008 850 3070 idem.
1091 3012 1153 3074 120

124 3113 131 3126 '
175 3103 311 3178 Quilibet
326 3117 477 3185 argentum
493 3105 592 3187 primae
608 3104 646 3166 de
661 3105 756 3167 sronte
773 3106 897 3168 taberne

217 3198 338 3262 Tollat:
362 3212 392 3261 et
407 3199 444 3260 ad
458 3221 590 3282 gemmas
606 3201 727 3284 quilibet
741 3203 814 3264 alter
827 3215 886 3265 eat.

175 3296 300 3362 Auserat
314 3295 362 3358 hic
377 3317 490 3372 aurum,
505 3298 674 3378 peregrinos
689 3299 738 3360 ille
752 3298 885 3380 lapillos;

219 3394 260 3456 Et
275 3413 464 3478 quascunque
478 3405 576 3476 potest
592 3407 723 3476 tangere,
738 3395 821 3457 tollat
833 3415 919 3479 opes.

176 3491 238 3556 Sed
251 3512 348 3575 neque
364 3490 520 3554 tolluntur:
544 3512 612 3568 nec,
626 3491 698 3554 dum
712 3492 786 3574 regit
800 3492 899 3555 omnia
912 3490 1024 3570 Cesar,
1090 3493 1153 3557 125

218 3587 387 3666 Incolumis,
402 3601 483 3651 tanto
498 3587 630 3671 preside,
644 3602 743 3672 raptor
757 3588 821 3652 etit.
