2586 4234
435 698 624 742 caucason
646 699 689 740 m·
711 698 852 741 rmus.

585 840 613 935 ν’.
629 875 704 938 ere.

194 1057 344 1122 Redditus
357 1057 435 1120 orbis
449 1070 522 1120 erat.
567 1056 673 1130 Quem
687 1071 846 1142 postquam
860 1057 934 1122 vidit
948 1058 1079 1129 manem.

130 1156 194 1220 «Et
209 1157 355 1220 desolatas
371 1177 458 1237 agere
474 1155 533 1217 alta
548 1155 664 1217 silentia
679 1169 779 1232 terras,

47 1300 53 1312 ,
150 1253 331 1329 Deucalion,
346 1252 484 1335 lacrymis
499 1253 539 1316 ita
554 1251 700 1335 Pyrrham
717 1253 823 1316 affatur
835 1253 961 1317 obortis:
1068 1255 1133 1318 350

151 1351 201 1414 ‘0
215 1373 305 1428 soror,
320 1372 339 1413 ο
352 1349 474 1435 conjux,
489 1371 508 1412 o
522 1349 644 1413 soemina
658 1351 720 1414 sola
734 1365 894 1434 superstes,

151 1447 254 1522 Quam
271 1469 430 1512 commune
444 1448 515 1510 mibi
530 1469 635 1530 genus,
650 1462 680 1510 et
694 1450 834 1532 patruelis
848 1449 940 1532 origo,

150 1546 272 1610 Deinde
287 1561 366 1609 torus
377 1544 477 1630 junxit
486 1567 495 1621 ;
517 1567 595 1608 nunc
611 1547 673 1630 ipsa
689 1547 818 1630 pericula
828 1546 973 1632 jungunt:

150 1644 323 1720 Terrarum,
338 1665 528 1728 quascunque
544 1645 645 1707 vident
658 1667 780 1708 occasus
796 1659 827 1708 et
841 1659 933 1722 ortus,

150 1740 216 1806 Nos
232 1743 291 1804 duo
306 1743 389 1804 turba
404 1763 515 1804 sumus.
559 1740 698 1806 Possedit
712 1757 818 1805 cetera
832 1757 950 1827 pontus.
1067 1745 1132 1810 355

151 1839 243 1904 Nune
258 1860 376 1924 quoque
392 1839 488 1902 adbuc
503 1839 569 1902 vite
583 1862 642 1902 non
658 1855 701 1903 est
717 1841 824 1903 fiducia
838 1857 943 1904 nosue

151 1937 248 2002 Certa
262 1951 306 2000 sat
317 1959 347 2000 s:
371 1951 481 1999 terrent
494 1937 655 1999 etianmum
671 1939 771 2000 nubila
785 1953 927 2001 mentem.

104 2055 108 2062 ·
152 2034 238 2109 Quid
255 2035 317 2112 tibi,
332 2035 356 2098 si
370 2036 433 2097 sine
448 2057 497 2097 me
512 2034 578 2098 satis
593 2049 697 2117 erepta
712 2034 826 2112 luisses,

153 2131 245 2196 Nune
261 2132 360 2209 animi,
376 2133 551 2208 miseranda,
566 2132 663 2194 foret?
686 2153 746 2216 quo
759 2133 821 2194 sola
837 2131 971 2195 timorem

151 2229 247 2294 Ferre
262 2229 350 2292 modo
365 2232 487 2313 posses?
510 2251 570 2314 quo
583 2229 754 2293 consolante
770 2230 905 2294 doleres?
1067 2233 1132 2298 ³60

152 2327 294 2412 Namque
310 2349 365 2411 ego
382 2327 484 2413 (erede
501 2327 599 2414 mihi‚)
617 2329 640 2391 si
656 2343 686 2392 te
702 2329 791 2392 modb
807 2343 915 2414 pontus
930 2328 1064 2409 baberet,

151 2425 202 2492 Te
217 2447 366 2510 sequerer,
380 2426 509 2511 conjux:
533 2441 563 2489 et
577 2449 626 2490 me
642 2447 759 2512 quoque
775 2443 881 2512 pontias
897 2429 1030 2492 haberet.

41 2570 48 2580 .
150 2523 183 2587 Ο
198 2525 309 2586 trtinam
325 2525 433 2606 possim
451 2525 576 2607 populos
591 2546 725 2608 reparare
747 2526 873 2610 paternis

149 2623 292 2697 Artibus3
315 2637 403 2706 atque
419 2613 531 2685 animas
547 2621 674 2686 formatae
690 2623 841 2687 infundere
856 2624 958 2688 terre!

149 2719 181 2783 N
184 2741 242 2782 une
255 2741 348 2802 genus
364 2720 392 2782 in
409 2720 491 2782 nobis
505 2736 595 2783 restat
610 2722 732 2784 monale
748 2722 875 2797 duobus,
1065 2721 1130 2786 365

151 2817 220 2906 (Sic
235 2818 328 2880 visum
343 2818 469 2902 superis)
488 2819 699 2902 hominumque
714 2819 855 2902 exempla
870 2839 1024 2883 manemus
1037 2818 1046 2850 ’

194 2915 331 2992 Dixerat,
347 2932 378 2978 ct
394 2916 514 2978 flebant.
559 2916 677 2979 Placuit
691 2918 814 2979 coeleste
830 2917 944 3000 precari

148 3013 282 3090 Numen,
298 3028 328 3076 et
344 3013 485 3077 auxilium
502 3035 554 3098 per
568 3035 664 3077 sacras
680 3036 808 3098 quaerere
824 3030 927 3078 sortes.

148 3110 242 3176 Nulla
257 3133 338 3174 mora
353 3124 415 3188 est;
437 3111 546 3174 adeunt
562 3113 669 3195 pariter
683 3111 861 3196 Cephisidas
877 3113 981 3195 undas,

147 3208 194 3274 Ut
207 3209 340 3272 nondum
355 3208 489 3293 liquidae,
504 3209 546 3273 sie
557 3209 621 3294 jam
636 3210 712 3272 vada
727 3227 797 3274 nota
810 3228 956 3276 secantes.
1066 3213 1131 3278 ³70

146 3306 224 3370 lude
241 3306 291 3371 ubi
305 3305 410 3370 libatos
427 3307 586 3369 irroravere
602 3308 728 3391 liquores

148 3405 294 3468 Vestibus
309 3419 340 3467 et
353 3403 462 3487 capiti3
485 3403 608 3467 flectunt
623 3405 744 3486 vestigia
758 3419 865 3469 sanctu

145 3504 200 3570 Ad
215 3503 340 3566 delubra
353 3502 434 3565 dea:
458 3523 584 3586 quorum
599 3502 714 3585 lastigie
730 3503 807 3586 turpi

145 3601 333 3687 sqmebant
347 3621 469 3676 musco;
491 3601 666 3682 stabantque
681 3600 745 3662 sine
760 3599 876 3680 ignibus
891 3616 958 3660 are.

418 3700 439 3760 2
