2572 4242
183 421 226 484 46
506 421 857 472 Mernmonrflossorr

184 573 228 638 Ut
245 573 336 658 jacuit
353 572 507 656 resupinus
523 573 616 648 humi,
631 591 718 634 cruor
731 570 840 632 emicat
854 569 924 648 alte,
1122 573 1169 636 50

185 671 254 735 Non
271 672 363 748 aliter,
379 671 468 754 quam
482 669 553 732 crim
568 669 669 730 vitiato
683 669 780 732 fistula
795 667 918 750 plumbo
1182 675 1187 683 '

185 769 342 845 Scinditur,
357 782 388 830 et
402 783 506 830 tenues
521 765 661 828 stridente
678 764 819 826 foramine
835 765 921 846 longe

185 867 357 950 Ejaculatur
371 887 480 950 aquas,
502 879 590 948 atque
606 864 708 926 ictibus
723 866 791 924 a'c'ra
805 863 924 944 rumpit.
938 890 967 922 x.

185 965 310 1027 Arborei
325 964 413 1027 soetus
428 964 600 1046 adspergine
615 960 703 1024 caedis
720 961 749 1022 in
764 975 857 1022 atram

186 1061 350 1125 Vertuntur
363 1062 488 1124 faciem:
512 1058 734 1142 madefactaque
750 1057 890 1138 sanguine
906 1056 990 1121 radix
1120 1057 1166 1120 55

185 1159 329 1223 Poeniceo
344 1161 450 1242 tinguit
464 1157 623 1242 pendentia
637 1177 719 1218 mora
733 1156 843 1218 colore.

229 1257 323 1334 Ecce,
338 1271 419 1318 metu
435 1255 566 1317 nondum
581 1253 687 1336 posite,
703 1274 741 1314 ne
757 1251 836 1314 sallat
851 1265 1010 1327 amantem,

185 1353 241 1416 llla
254 1354 345 1416 redit:
365 1351 567 1437 juvenemque
582 1351 685 1428 oculiS,
701 1350 857 1433 animoque
873 1349 1009 1436 requirit:

186 1449 368 1534 Quantaque
384 1449 480 1511 vitarit
495 1470 610 1510 narrare
626 1448 757 1531 pericula
771 1447 869 1528 gestit.

186 1547 289 1631 thue
304 1547 414 1623 locum,
429 1560 459 1608 et
474 1567 590 1608 versam
604 1545 743 1627 cognovit
758 1545 787 1606 in
802 1545 904 1606 arbore
920 1543 1063 1621 formam3
1119 1545 1166 1611 6⁰

102 1660 105 1667 “
189 1644 254 1732 (Sic
268 1644 336 1708 lacit
351 1645 492 1706 incertam
507 1643 587 1726 pomi
602 1641 697 1727 color)
716 1643 815 1718 haeret,
832 1663 869 1703 an
883 1642 947 1704 haec
960 1641 1006 1706 sit.

186 1742 270 1806 Dum
285 1743 406 1818 dubitat,
422 1741 616 1804 tremebunda
630 1741 711 1802 videt
725 1740 842 1822 pulsare
856 1753 1011 1802 cruentum

185 1838 324 1902 Membra
338 1839 443 1916 solum,
458 1853 594 1923 retroque
610 1839 717 1922 pedem
732 1838 814 1900 tulit:
839 1858 948 1920 oraque
963 1837 1044 1899 buxo

186 1936 344 1999 Pallidiora
357 1959 474 2019 gerens,
490 1937 651 2012 exhorruit,
666 1935 788 2018 equoris
805 1935 904 2012 instar,
996 1955 1001 1966 ⁴

186 2034 279 2109 Quod
293 2035 402 2112 tremit,
418 2035 527 2118 exigua
540 2034 609 2097 crim
624 2054 772 2096 summurn
787 2033 935 2114 stringitur
949 2031 1030 2094 auri.
1118 2032 1163 2094 65

185 2133 247 2196 Sed
262 2147 418 2216 postquam
432 2146 576 2196 remorata
590 2152 658 2193 suos
673 2131 811 2212 cognovit
826 2150 957 2206 amores;

184 2229 319 2293 Percutit
333 2230 467 2311 indignos
482 2229 561 2292 claro
576 2230 717 2310 plangore
732 2229 872 2291 lacertos:

185 2325 226 2388 Et
240 2326 348 2389 laniata
361 2347 471 2401 comas,
487 2325 685 2409 amplexaque
700 2347 807 2408 corpus
823 2340 963 2404 amatum,

185 2420 319 2484 Vulnera
333 2420 483 2504 supplevit
496 2422 644 2504 lacrymiS,
659 2421 821 2506 fletumque
836 2424 932 2486 cruori

184 2515 322 2581 Miscuit:
346 2533 376 2580 et
391 2517 494 2598 gelidis
508 2519 538 2580 in
556 2519 683 2605 vultibus
699 2522 799 2582 oscula
812 2521 916 2604 figens,
1009 2578 1010 2581 ,
1117 2525 1163 2584 tu

186 2615 355 2698 ‘Pyrame,'
370 2616 518 2693 clamavit,
535 2617 617 2701 ‘quis
632 2632 661 2680 te
677 2618 748 2680 mihi
763 2641 847 2681 casus
860 2619 990 2681 ademit?

183 2713 323 2798 Pyramo,
339 2713 495 2798 responde.
540 2715 610 2778 Tua
624 2730 665 2794 te,
679 2716 836 2793 carissime,
851 2716 966 2780 Thisbe

185 2809 342 2876 Nominat:
366 2813 485 2891 exaudi,
501 2814 658 2899 vultusque
674 2815 774 2878 attolle
787 2813 942 2899 jacentes!

184 2909 234 2971 Ad
249 2932 357 2972 nomen
372 2910 501 2974 Thisbes
516 2915 627 2990 oculoS,
639 2913 702 2998 jam
717 2926 810 2975 morte
826 2926 972 2994 gravatos,

183 3005 330 3088 Pyramus
345 3009 450 3084 erexit,
466 3009 586 3092 visaque
602 3011 764 3073 recondidit
778 3010 838 3072 illd.
1118 3013 1160 3074 75

184 3101 262 3176 Quae
277 3118 433 3186 postquam
449 3118 621 3186 vestemque
636 3129 719 3168 suam
733 3109 883 3188 cognovit,
898 3122 929 3170 et
944 3128 1015 3170 ense

185 3198 269 3261 Vidit
283 3199 357 3261 ebur
370 3220 516 3275 vacuum3
539 3201 626 3262 ‘Tua
640 3217 668 3264 te
684 3205 808 3279 manus,'
824 3206 926 3288 inquit,
943 3212 1101 3288 ‘amorque

184 3296 326 3372 Perdidit,
341 3295 455 3358 infelix.
501 3295 556 3358 Est
571 3311 600 3359 et
615 3299 686 3359 mihi
703 3299 781 3362 sortis
797 3301 826 3360 in
843 3324 933 3362 unum

185 3392 253 3456 Hoc
267 3415 387 3460 manus:
411 3408 455 3454 est
470 3409 501 3456 et
515 3415 612 3456 amor:
637 3395 716 3457 dabit
731 3395 778 3455 hic
794 3395 822 3456 in
839 3398 961 3459 vulnera
977 3399 1064 3460 vires.

184 3491 350 3575 Persequar
363 3490 559 3554 exstinctum:
582 3491 692 3576 letique
708 3491 869 3555 miserrima
884 3493 963 3556 dicar
1117 3499 1160 3560 80

185 3590 295 3666 Causa,
310 3609 470 3672 comesque
486 3589 544 3652 tui:
569 3590 677 3674 quique
693 3613 710 3653 a
724 3611 773 3654 me
788 3604 882 3654 morte
897 3589 999 3654 revelli
