2568 4248
522 463 629 514 trusit
653 464 709 516 XV.

117 611 270 699 conjugis
284 626 341 691 est,
357 611 434 676 duce
448 634 498 676 me
512 613 612 677 lucum
627 629 709 700 pete,
723 615 800 702 colle
815 613 944 690 Quirino

119 709 189 784 Qui
204 711 289 789 viret,
304 723 336 774 et
354 711 501 795 templum
516 711 646 775 Romani
660 713 736 796 regis
751 713 928 777 obumbret?

119 807 234 872 Paret:
257 823 287 873 et
301 809 331 873 in
347 823 455 872 terram
470 810 564 893 pictos
579 811 700 895 delapsa
715 832 878 896 perurens,

121 905 285 972 Hersiliam
294 907 384 992 jussis
398 907 558 992 compellat
573 908 695 972 vocibus
710 907 774 972 lris.
1042 911 1103 976 190

121 1003 181 1067 Illa
195 1003 363 1069 verecundo
378 1005 429 1068 vix
443 1005 549 1068 tollens
563 1006 674 1069 lumina
689 1007 783 1084 vultu,

123 1100 176 1165 ‘O
190 1103 257 1182 dea,
274 1101 419 1191 (namque
435 1103 517 1181 mihi,
532 1125 589 1166 neo
606 1123 670 1188 quae
684 1103 723 1166 sis
738 1103 838 1168 dicere
853 1117 1025 1189 promptum
1039 1117 1084 1168 ost
1092 1125 1102 1178 ς

123 1199 167 1264 Et
181 1201 275 1287 liquet
289 1223 354 1264 esse
370 1199 472 1288 deam)
490 1202 559 1280 duc,
574 1223 593 1265 o
608 1203 688 1280 duo‚’
703 1202 814 1287 iuquit:
837 1210 887 1266 ‘et
901 1201 976 1266 offer

123 1297 271 1385 Conjugis
284 1320 337 1362 ore
350 1299 440 1362 mihi:
464 1321 528 1384 quae
542 1300 566 1363 si
580 1299 670 1362 modo
685 1321 773 1383 posse
790 1299 889 1364 videre

122 1395 203 1460 Fato
216 1397 309 1460 semel
323 1397 478 1474 dederint3
499 1397 611 1461 coelum
626 1398 797 1482 acceptum
812 1397 946 1462 fatebor!
1041 1401 1103 1464 195

168 1492 236 1559 Nee
249 1517 350 1572 mora3
372 1495 538 1558 Romuleos
552 1517 622 1558 oum
639 1497 749 1579 virgine
764 1494 976 1562 'I’haurnsntefi

121 1591 290 1675 Ingreditur
302 1593 405 1657 eolles.
449 1591 494 1656 Ibi
509 1593 589 1656 sidus
604 1595 641 1656 ab
657 1595 765 1658 aethere
780 1596 895 1680 lapsum

121 1689 247 1755 Decidit
261 1693 290 1755 in
304 1706 413 1755 terras:
437 1713 454 1754 e
468 1691 554 1776 eujus
568 1691 679 1756 lumine
696 1693 821 1775 flagrans

120 1787 258 1852 Hersilie
272 1790 360 1854 crinis
374 1811 443 1853 cum
457 1789 552 1852 sidere
567 1791 655 1853 cessit
670 1790 699 1853 in
714 1811 809 1854 auras.

121 1885 212 1951 Hanc
226 1887 362 1951 manibus
376 1889 451 1950 notis
466 1887 610 1951 Romane
625 1887 760 1951 conditor
773 1887 853 1951 urbis
1038 1889 1103 1952 200
1206 1967 1212 1984 .

120 1983 258 2070 Excipit,
274 2000 306 2049 et
319 1985 447 2070 priscum
463 1985 571 2068 puriter
584 2007 654 2048 oum
669 2006 793 2069 corpore
807 2005 917 2049 nomeu

119 2081 241 2164 Mutut;
262 2083 416 2170 Omnique
427 2100 533 2162 vocat;
556 2106 619 2169 quae
631 2105 710 2147 nuno
721 2083 778 2148 der
788 2083 892 2170 juncte
903 2081 1031 2158 Quirino
1045 2095 1101 2148 eut.

493 2497 631 2564 LIBER
654 2497 730 2564 XV.

444 2691 644 2735 murnum:
667 2691 783 2735 SERMO.

562 2865 592 2906 v.
608 2845 661 2906 60.

88 2978 98 3026 s
119 2963 178 3030 Vn
191 2964 247 3030 fuit
260 2965 321 3045 hio,
335 2979 399 3029 ortu
416 2965 550 3028 Samius:
573 2965 626 3029 sed
642 2963 756 3048 sugeret
772 2984 832 3026 una

119 3063 163 3128 Et
179 3063 292 3128 samon
307 3077 338 3127 et
353 3063 505 3140 dominos3
527 3064 654 3147 odioque
669 3061 832 3146 tyrannidis
848 3059 934 3124 exsul

120 3163 237 3246 Sponte
251 3175 323 3224 erat
370 3159 470 3246 Isque,
485 3161 556 3224 licit
570 3161 639 3224 coeli
654 3161 773 3244 regione
791 3175 932 3238 remotos,

1 3255 2 3258 ¹
119 3259 228 3324 Mente
244 3261 317 3323 deos
333 3260 422 3337 ediit3
444 3274 485 3336 et,
501 3281 564 3343 qun
580 3274 684 3321 natura
698 3259 826 3342 negabat

1 3347 2 3370 ³
121 3358 244 3423 Visibus
258 3359 406 3436 humanis,
421 3359 514 3421 oculis
530 3379 567 3420 ea
581 3358 709 3441 pectoris
723 3356 831 3420 hausit.

1 3467 2 3538 ξ
122 3456 264 3543 Sumque
279 3459 389 3534 animo,
405 3469 435 3520 et
452 3455 736 3539 vigili'perspexerat
750 3453 849 3518 omnia
863 3451 946 3530 euri,

15 3601 17 3604 -
65 3565 76 3584 “
119 3557 155 3620 ln
171 3555 305 3620 medium
322 3554 463 3618 discenda
478 3553 583 3616 dabat:
605 3567 760 3637 ooetusque
775 3550 926 3626 silentum,

1 3687 2 3708 1
120 3654 274 3741 Dictoque
289 3651 459 3730 mirantum,
474 3651 573 3733 magni
589 3646 872 3734 primordiapnundi,
