2572 4242
196 376 242 454 Ἃ
327 403 333 414 ·
517 375 868 432 xarauonrsrosaou

197 529 263 608 llle,
276 543 310 594 at
322 542 385 594 stat
399 549 520 613 prauus,
533 548 588 612 per
600 527 677 596 colla
691 525 818 592 annau
826 523 978 612 jubeatis
1132 529 1177 605 W

197 625 352 702 volutum
373 639 404 689 et
417 625 513 696 calido
527 625 662 688 tellurem
676 623 817 710 sauguine
831 622 934 692 loedatt

196 723 367 795 Phadimus
380 719 493 799 infelix,
508 735 538 784 et
553 721 622 784 aviti
637 720 762 784 nominis
778 720 872 786 heres

196 817 351 898 Tantalus,
364 832 398 885 ut
412 818 497 882 solito
510 819 599 880 finem
614 816 781 906 imposuere
796 815 899 896 labori,

196 915 388 981 Transierant
401 915 439 979 ad
453 937 527 1000 opus
542 914 639 977 nitidae
650 913 782 998 juvenile
798 913 954 1002 palffle.

165 1011 312 1100 sEtJam
325 1013 509 1078 contulerant
523 1025 604 1076 arcto
618 1010 759 1075 luctantia
772 1030 854 1073 nexu
1132 1012 1176 1088 θῇ

196 1109 325 1176 Pectora
337 1110 504 1222 pectoribus
514 1099 613 1186 deum
629 1120 710 1170 tento
724 1107 840 1174 concita
854 1127 958 1190 cornu,

197 1207 283 1284 Sicut
296 1221 378 1272 erant
388 1206 495 1292 juncti,
509 1204 622 1288 trajecit
636 1217 792 1288 utrumque
807 1203 923 1286 sagitta.

196 1303 374 1387 Ingemuere
387 1303 492 1379 simul;
514 1302 621 1366 simul
614 1316 766 1366 incurvata
780 1301 881 1364 dolore

196 1399 334 1464 Membra
347 1399 411 1464 solo
425 1399 569 1482 posuere3
592 1399 677 1462 simul
692 1419 830 1484 suprema
840 1398 975 1483 jacentes

155 1522 157 1527 ·
196 1495 326 1562 Lumina
339 1495 491 1566 uersentur
500 1517 509 1571 3
531 1497 657 1558 animam
672 1495 758 1558 sirnnl
774 1495 960 1564 exhalarunt.

196 1591 336 1677 Adspicit
350 1592 516 1678 Alphenor,
531 1593 696 1678 laniataque
712 1607 833 1676 pectora
847 1592 988 1676 plangens

196 1689 340 1767 Advolat,
354 1704 388 1754 ut
401 1689 513 1772 gelidos
528 1689 732 1772 complexibus
748 1690 856 1752 allevet
870 1704 949 1752 astru
959 1701 980 1792 ε)

156 1840 178 1884 s‘
196 1785 356 1872 Inque'pio
370 1787 449 1853 cadit
462 1787 577 1850 officio:
600 1808 669 1848 narn
685 1786 791 1848 Delius
805 1787 848 1850 illi

151 1885 155 1896 ’
196 1881 304 1950 latium
317 1881 431 1948 fausero
444 1884 553 1966 rumpit
567 1883 726 1966 precordia
739 1882 826 1946 ferro.

197 1977 291 2055 Quod
305 1980 393 2044 simul
407 1982 558 2057 eductum,
574 2001 640 2064 pars
655 1994 700 2042 est
715 1980 884 2064 pulmonis'
877 2003 907 2044 tn
925 1981 1022 2052 hamis

159 2087 163 2094 '
197 2075 307 2143 Enitar
329 2098 458 2163 ctunque
473 2077 571 2140 anirna
584 2097 671 2140 cruor
684 2091 729 2140 est
744 2077 876 2140 effusus'
869 2100 898 2142 ur
910 2099 1004 2142 auras.

197 2173 241 2245 rit
254 2195 313 2238 non
327 2175 475 2242 intonsum
490 2151 616 2258 simplex
631 2173 885 2242 Damasichthona
899 2176 1007 2238 rubrus

195 2270 312 2351 Afficit.
356 2267 437 2346 Ictus
451 2284 524 2346 erat,
540 2292 599 2354 qua
612 2293 679 2334 crus
694 2292 758 2334 esse
774 2272 886 2355 incipit,
901 2287 932 2372 et
946 2295 1017 2363 qua)

195 2348 301 2430 Mollia
314 2388 456 2434 nervosm
470 2365 538 2434 lacit
553 2368 716 2432 internodia
729 2369 844 2453 poples.

196 2461 339 2546 Dumque
353 2483 443 2526 manu
457 2477 551 2527 tentat
565 2465 680 2528 trahere
695 2467 843 2530 exitiabile
859 2468 962 2546 telum,

195 2559 301 2624 Altera
315 2579 370 2644 per
379 2559 514 2646 jugulum
531 2562 636 2644 pennis
651 2576 736 2625 tenus
751 2577 816 2626 acta
830 2564 934 2646 sagitta
948 2579 1004 2631 est.

196 2653 322 2741 Expulit
335 2656 413 2726 hanc
427 2659 561 2741 sanguis:
584 2680 676 2744 seque
691 2658 852 2744 ejaculatus
868 2662 897 2724 in
912 2662 1003 2725 altum

196 2751 325 2834 Emicat,
340 2768 370 2819 et
384 2756 471 2840 long'e
487 2757 635 2820 terebrata
649 2758 761 2842 prosilit
775 2759 855 2820 auri.

195 2849 326 2916 Ultimus
340 2851 469 2917 llioneus
484 2876 543 2916 uon
559 2854 725 2938 profectura
739 2855 888 2938 precando

195 2947 324 3012 Brachia
336 2948 509 3016 sustulerat:
533 2949 653 3034 ‘Dique
669 2973 688 3013 ο
702 2952 897 3014 communiter
910 2952 1035 3029 omnes,’

195 3041 334 3120 Dixerat,
351 3043 482 3130 (ignarus
497 3067 556 3107 uon
571 3068 674 3108 omnes
689 3070 754 3110 esse
769 3047 974 3133 rogandos)‘·

195 3137 355 3202 ‘Parcite’
398 3137 501 3210 Motus
516 3153 589 3216 erat,
603 3143 671 3204 crim
682 3142 745 3226 J'am
760 3146 926 3210 revocabile
947 3145 1041 3208 telum

195 3231 265 3298 Non
279 3233 344 3314 hit,
358 3235 552 3301 Arcitenens:
575 3237 696 3301 minimo
710 3253 809 3305 tamen
823 3242 931 3306 occidit
944 3241 1001 3331 illa

198 3327 348 3408 VulnereJ
368 3351 428 3394 uon
443 3330 503 3394 altit
518 3352 656 3414 percusso
670 3335 759 3398 corde
774 3338 907 3418 sagitta.
952 3357 966 3376 ·‘

237 3425 333 3494 Fama
347 3427 427 3507 mali,
441 3428 602 3514 populique
618 3428 711 3506 dolor,
725 3431 923 3541 lacrymeque
937 3455 1057 3505 suonam
1109 3438 1174 3502 tao

194 3522 274 3596 Tua
287 3524 389 3595 subita
403 3537 528 3596 mausus
541 3539 653 3598 certam
667 3525 764 3597 secere
778 3528 878 3608 ruine,
