2568 4248
181 419 243 482 106
491 421 841 472 METAMORPHOSEON

179 573 306 639 Pectore
322 571 524 648 mommsen,
540 585 740 655 praetentaque
755 571 815 634 tela
829 571 949 650 leones3
971 605 992 622 -.
1034 621 1042 628 .

179 671 230 736 Sic
243 672 294 735 ubi
308 693 340 734 se
357 671 452 735 ventis
467 671 625 733 admiserat
638 669 717 732 unda
731 669 849 747 ommis,

179 768 245 833 Ibat
259 769 290 832 in
304 789 386 832 anna
398 769 486 844 ratis;
509 768 661 850 multoque
676 784 739 829 erat
753 767 838 830 altior
851 767 917 830 illis.
1099 769 1168 832 150

179 865 307 952 Jamque
322 866 421 929 labant
434 865 532 942 cunei,
546 865 729 948 spoliatoque
742 865 874 946 tegmine
886 885 961 928 cera

179 963 272 1033 Rima
285 977 386 1048 patet3
407 963 580 1047 praebetque
596 961 673 1024 viam
687 961 823 1024 letalibus
837 962 932 1025 undis.

73 1128 81 1139 ,
180 1060 263 1125 Ecce
277 1062 387 1126 cadunt
400 1060 472 1142 largi
486 1059 619 1124 resolutis
633 1059 759 1122 nubibus
774 1059 898 1124 imbres:

179 1157 274 1245 Inque
288 1158 395 1224 fretum
409 1158 512 1222 credas
526 1171 621 1220 totum
635 1157 814 1221 descendere
828 1158 955 1220 coelum:

179 1255 275 1340 Inque
290 1257 392 1341 plagas
405 1255 475 1320 eoeli
489 1253 682 1318 tumefactum
696 1253 875 1318 adscendere
890 1268 1026 1338 pontum.
1095 1257 1161 1318 155

180 1351 258 1415 Vela
272 1353 393 1415 madent
407 1352 529 1430 nimbis;
552 1365 665 1416 etcum
679 1352 849 1415 coelestibus
863 1351 949 1415 undis

180 1450 336 1534 AEqnoreae
351 1451 511 1514 miscentur
525 1471 618 1534 aquae.
663 1447 756 1512 Caret
770 1449 885 1532 ignibus
899 1448 1008 1527 ether3

179 1545 328 1631 Caecaque
342 1568 404 1610 nox
418 1547 560 1630 premitur
573 1546 701 1610 tenebris
715 1547 880 1630 hiemisque
893 1547 1024 1631 suisque.

180 1643 350 1707 Discutiunt
363 1657 463 1707 tomen
478 1644 542 1722 bas,
557 1644 747 1729 praebentque
761 1644 899 1708 micantia
912 1645 1013 1709 lumen

179 1739 334 1806 Fulmina:
358 1739 502 1804 fulmineis
517 1742 673 1804 ardescunt
687 1741 801 1824 ignibus
814 1740 911 1805 unda.
1093 1744 1158 1808 160

179 1836 242 1901 Dat
257 1860 374 1924 quoque
384 1837 447 1925 jam
461 1839 551 1901 saltus
566 1838 641 1900 intra
653 1859 727 1902 cava
741 1852 825 1902 texte
837 1838 941 1902 carine

178 1933 321 2005 Fluctus:
344 1949 385 2014 et,
399 1950 432 1998 ut
446 1936 541 2012 miles,
556 1956 680 1998 numero
694 1935 874 2019 prestantior
887 1937 980 2014 omni,
1068 1977 1070 1980 -

178 2031 260 2096 Cirm
275 2055 353 2118 saepe
369 2033 485 2096 adsiluit
501 2031 628 2096 defensae
644 2033 790 2096 menibus
804 2032 894 2112 urbis,

178 2130 241 2214 Spe
257 2132 367 2215 potitur
379 2131 518 2207 tandem3
540 2129 692 2213 laudisque
707 2151 849 2194 accensus
864 2151 964 2194 amore

179 2226 258 2291 Inter
272 2229 352 2292 mille
368 2229 455 2304 viros,
470 2249 586 2290 murum
601 2241 700 2291 tamen
715 2242 842 2313 occupat
855 2250 949 2292 unus:
1092 2231 1155 2295 165

178 2324 228 2388 Sic
242 2325 292 2388 ubi
308 2325 460 2409 pulsbrunt
474 2345 556 2388 acres
570 2326 661 2388 latera
675 2325 766 2388 ardua
780 2324 908 2404 fluctus3

178 2421 298 2485 Vastibs
313 2423 465 2504 insurgens
481 2421 600 2486 decimae
616 2423 673 2485 ruit
687 2423 814 2508 impetus
829 2423 947 2488 unde:-

177 2518 244 2582 Nec
259 2519 338 2603 prius
352 2519 462 2582 absistit
477 2517 583 2582 fessam
597 2541 768 2604 oppugnare
782 2521 922 2600 carinam,

177 2614 279 2692 Qu'am
296 2616 420 2679 velutin
435 2630 528 2700 captae
544 2617 703 2681 descendat
717 2619 827 2682 moenia
842 2619 948 2684 navis..
966 2667 970 2672 -

176 2714 250 2778 Pars
265 2713 351 2798 igitur
365 2715 496 2778 tentabat
511 2715 609 2778 adhuc
623 2715 761 2794 invadere
776 2716 897 2800 pinum;
1092 2722 1154 2785 170

176 2813 251 2877 Pars
265 2813 352 2877 maris
366 2813 443 2876 intus
458 2827 530 2876 erat·
574 2811 739 2898 Trepidant
755 2813 833 2878 baud
847 2815 965 2897 segnibs
978 2835 1102 2895 omnes„

152 2965 155 2975 .
176 2911 280 2986 Quam
294 2911 370 2975 solet
383 2912 463 2988 urbs,
478 2911 541 2974 aliis
555 2933 671 2974 murum
686 2909 863 2974 fodientibus
877 2913 973 2992 extra,
1021 2983 1026 2988 ,

176 3009 278 3094 Atque
293 3009 355 3072 aliis
369 3029 496 3084 murum,
512 3008 668 3091 trepidare,
683 3009 851 3073 tenentibus
865 3010 953 3083 intus,

176 3104 287 3168 Deficit
302 3126 364 3168 ars:
388 3103 535 3186 anbnique
549 3103 675 3168 cadunt:
699 3105 882 3192 totidemque
897 3108 1044 3188 videntur,

176 3200 262 3278 Quot
276 3203 396 3265 veniant
411 3201 528 3278 fluctus,
543 3221 627 3263 ruere
643 3213 732 3287 atque
746 3204 908 3289 irrumpere
922 3219 1043 3270 mortes.
1089 3210 1154 3272 175

176 3299 246 3364 Non
260 3313 342 3363 tenet
356 3298 405 3361 hie
419 3299 582 3381 lacrymas:
605 3312 704 3383 stupet
719 3301 784 3364 hic:
809 3316 895 3365 vocat
909 3302 958 3366 ille
972 3303 1088 3383 beatos,

175 3398 296 3464 Funera
311 3418 384 3482 quos
399 3408 556 3458 maneant:
579 3395 629 3458 hic
644 3398 717 3460 votis
732 3420 843 3462 numen
859 3399 977 3464 adorat:

176 3496 363 3578 Brachiaque
378 3495 415 3557 ad
429 3493 550 3570 osclum,
566 3494 644 3578 quod
661 3516 720 3557 non
736 3496 826 3573 videt,
841 3497 920 3560 irrita
934 3498 1041 3562 tollens

175 3591 276 3654 Poscit
291 3611 397 3673 opem:
421 3589 547 3652 subeunt
562 3590 602 3652 illi
618 3589 777 3674 fratresque
792 3613 977 3679 parensque3
