2568 4248
193 447 254 507 114
504 451 851 502 METAMORPHOSEON

188 601 285 667 Fama
299 615 392 680 tenet,
408 601 583 686 summique
600 601 722 664 domum
736 602 790 665 sibi
805 603 877 686 legit
891 603 920 666 in
936 611 1023 668 arce:
1161 609 1185 671 5

188 699 420 784 Innumerosque
435 700 541 776 aditus,
557 721 592 762 ao
606 701 687 762 mille
702 699 843 763 foramina
857 701 942 764 tectis

189 797 324 875 Addidit,
339 813 369 862 et
383 798 469 861 nullis
483 798 599 860 inclusit
613 797 714 860 limina
728 799 829 881 portis.

187 893 287 959 Nocte
302 896 408 980 dieque
424 909 537 980 patent.
582 893 663 957 Tota
677 908 722 957 est
737 916 777 957 ex
792 916 862 957 aure
877 896 1009 960 sonanti:

187 992 268 1057 Tota
281 992 395 1057 fremit:
419 1013 567 1076 vocesque
581 991 688 1055 refert:
712 993 856 1102 iteratque
873 993 952 1079 quod
967 994 1062 1058 audit.
1280 1071 1281 1074 Ἴ

81 1099 88 1108 “
187 1089 279 1156 Nulla
294 1092 377 1176 quies
391 1092 478 1168 intus,
493 1090 634 1173 nullique
646 1090 762 1152 silentia
776 1104 871 1174 parte.
1134 1098 1178 1158 10
1280 1091 1281 1112 ³

187 1186 255 1253 Neo
269 1203 369 1252 tamen
385 1202 429 1251 est
443 1189 563 1264 clamor,
578 1187 630 1249 sed
645 1209 743 1270 parvae
759 1209 908 1250 murmura
923 1186 1020 1252 vocis:

187 1285 297 1359 Qualia
313 1287 351 1348 de
366 1286 473 1370 pelagi,
489 1285 513 1348 si
529 1284 592 1368 quis
606 1285 710 1368 procul
725 1285 833 1362 audiat,
848 1286 934 1348 undis

186 1381 263 1445 Esse
278 1384 390 1446 solent:
414 1383 569 1467 qualemve
584 1404 700 1458 sonum,
714 1382 784 1444 oum
798 1381 916 1465 Jupiter
931 1395 1008 1446 atras

185 1479 336 1562 Increpuit
351 1480 455 1556 nubea,
471 1495 604 1541 extrema
619 1480 746 1540 tonitrua
760 1481 896 1542 reddunt.

187 1577 271 1639 Atria
285 1578 370 1639 turba
383 1591 502 1639 tenent:
526 1577 649 1639 veniunt
662 1577 729 1638 leve
747 1577 861 1659 vulgus,
876 1590 1027 1662 euntque:
1129 1583 1168 1644 15

185 1673 343 1758 Mixtaque
357 1696 426 1736 oum
441 1674 516 1736 veris
532 1673 640 1758 passim
655 1691 824 1736 commenta
839 1689 982 1756 vagantur

185 1769 281 1833 Millia
295 1793 461 1834 rumorum:
485 1770 665 1854 confusaque
682 1771 770 1833 verba
786 1773 929 1834 volutant.

185 1869 215 1933 E
230 1871 335 1954 quibus
350 1870 380 1932 hi
396 1891 503 1932 vacuas
518 1869 642 1953 implent
657 1870 840 1932 sermonibus
855 1891 956 1932 aures:

185 1967 226 2032 Hi
242 1984 356 2032 narrata
371 1968 468 2031 serunt
482 1967 556 2030 alid:
580 1989 776 2050 mensuraque
792 1968 851 2030 ficti
877 2011 918 2037 s,

184 2065 320 2144 Crescit3
343 2082 373 2130 et
387 2066 492 2129 auditis
507 2065 615 2148 aliquid
630 2087 724 2126 novus
739 2066 838 2151 adjicit
852 2080 963 2129 auctor.

184 2164 249 2227 Illic
265 2164 444 2240 Credulitas
460 2163 517 2226 illie
532 2162 703 2224 temerarius
718 2161 818 2240 Error,

185 2261 330 2345 Vanaque
346 2261 460 2323 Laetitia
476 2273 530 2336 est,
545 2260 781 2342 consternatique
796 2259 944 2338 TimoreS,

184 2359 355 2441 Seditioque
370 2379 487 2440 repens,
503 2357 649 2442 dubioque
665 2371 783 2419 auctore
799 2357 926 2422 Susurri.

183 2453 252 2537 lpsa
267 2454 337 2537 quid
351 2455 380 2516 in
395 2455 473 2516 coelo
487 2476 595 2531 rerum,
610 2455 775 2538 pelagoque
791 2469 917 2536 geratur,
997 2528 999 2534 Ι

183 2549 224 2614 Et
240 2552 355 2632 tellure,
370 2552 461 2631 videt,
475 2566 629 2638 totumque
645 2550 763 2637 inquirit
776 2553 806 2614 in
820 2552 934 2616 orbem.
981 2575 990 2586 ’
