2568 4248
194 394 258 458 150
508 393 856 446 Murauosrfloseorr

191 547 233 614 Et
248 547 431 612 Diomedeos
445 545 560 613 AEoeas
574 545 689 629 fugerat
703 565 800 610 enses.

189 645 315 710 Talibus
329 646 407 708 hanc
421 645 561 728 genitorr
577 643 667 710 ‘Sola
681 640 878 726 insuperabile
894 640 1001 723 sehim,

189 741 280 822 Nata,
295 764 416 806 movere
431 744 538 827 paras?
560 742 650 805 intres
664 741 736 804 licet
750 740 814 823 ipsa
828 738 970 806 Sororum

142 830 146 837 ¹
189 841 289 906 Tecta
303 843 402 920 trium,
417 863 521 906 cernes
536 840 595 904 illic
610 839 760 902 molimine
776 851 859 903 vasto

192 938 242 1004 Ex
258 961 326 1018 aere,
341 953 372 1002 et
385 939 478 1002 solido
493 960 589 1002 rerum
605 936 746 1002 tabularia
760 925 853 1000 semol:

92 1053 98 1079 ¹
126 1053 129 1059 '
193 1035 270 1111 Quae
286 1058 384 1122 neque
398 1058 573 1101 concursum
587 1035 667 1112 coeli,
682 1054 780 1118 neque
797 1023 924 1096 fulminis
938 1032 1026 1112 iram,

191 1133 259 1200 Nec
274 1149 410 1198 metuunt
423 1134 497 1198 ullas
512 1149 575 1200 tuta
590 1147 678 1217 atque
694 1146 803 1194 aeterna
817 1131 925 1198 ruinas.

190 1231 330 1295 Invenies
345 1232 404 1295 illic
419 1231 509 1296 incisa
523 1231 679 1294 adamante
695 1229 818 1315 pereuni

191 1328 268 1394 Fata
281 1330 324 1392 tui
339 1330 471 1412 generis:
494 1329 553 1412 legi
568 1329 642 1414 ipse,
657 1329 815 1412 animoque
829 1326 940 1405 notavi,

190 1425 232 1490 Et
246 1427 388 1490 reseram:
411 1449 449 1489 ne
464 1428 502 1490 sis
517 1427 677 1490 etiamnum
692 1427 791 1508 ignara
808 1423 908 1491 futuri.

189 1523 250 1588 Hic
264 1546 316 1586 sua
331 1524 492 1608 complevit
511 1524 580 1609 (pro
596 1546 666 1608 quo,
682 1523 846 1606 Cytherea,
861 1520 991 1608 laboras)
1071 1587 1075 1594 ,

188 1621 353 1705 Tempora,
368 1619 517 1705 persentis,
533 1644 606 1706 quos
621 1636 703 1686 terrae
719 1621 830 1698 debuit,
846 1621 938 1684 anuis.
965 1659 969 1666 ·

189 1717 234 1782 Ut
249 1720 322 1782 deus
337 1719 460 1782 accedat
473 1719 562 1800 coelo,
580 1719 756 1803 templisque
770 1719 893 1796 colatur,

189 1815 241 1880 Tu
256 1815 357 1896 facies,
372 1831 517 1901 natusque
533 1839 613 1895 suus,
629 1817 678 1901 qui
693 1817 819 1882 nominis
834 1817 937 1894 haeres,

190 1913 366 2000 Impositum
383 1914 455 1980 seret
471 1915 561 1980 Urbis
576 1937 660 1992 onus,
675 1915 802 1998 caesique
819 1916 947 1999 parentis

189 2011 255 2076 Nos
270 2014 298 2076 in
313 2014 392 2077 bella
405 2036 473 2077 suos
489 2013 659 2080 fortissimus
674 2013 751 2076 ultor
764 2013 894 2079 habebit.

189 2109 270 2176 Illius
285 2112 422 2196 auspiciis
437 2113 562 2177 obsessa
580 2112 690 2177 moenia
704 2132 811 2193 paoem

189 2207 280 2272 Victa
296 2223 401 2293 petent
415 2209 556 2274 Mutine:
579 2208 732 2274 Pharsalia
746 2208 853 2272 sentiet
867 2207 961 2288 illum,

187 2305 401 2390 AEmathiaque
417 2306 522 2372 iterum
536 2306 691 2370 madefacti
706 2306 787 2370 caede
802 2305 952 2388 Philippi:

189 2401 232 2466 Et
246 2401 394 2484 Magnum
410 2403 516 2466 Siculis
532 2425 639 2468 nomen
652 2404 837 2487 superabitur
846 2404 948 2468 undis:

188 2497 379 2582 Romanique
396 2500 478 2564 ducis
493 2500 605 2584 conjux
620 2501 774 2587 AEgyptia‚
790 2501 872 2566 taedae

187 2594 218 2659 N
220 2618 259 2659 on
274 2597 350 2660 bene
365 2597 426 2674 fisa,
441 2597 546 2662 cadet:
570 2597 733 2683 frustraque
749 2599 803 2662 erit
817 2598 867 2662 illa
880 2598 1000 2676 minata,

188 2693 342 2759 Servitute
355 2719 409 2762 suo
423 2695 573 2781 Capitolia
588 2709 686 2760 nostra
702 2695 839 2781 Canopo.

188 2791 274 2870 Quid
289 2795 340 2859 tibi
355 2795 541 2875 Barbariem,
556 2811 659 2879 gentes
674 2796 711 2858 ab
725 2810 849 2880 utroque
859 2794 994 2880 jacentes

187 2892 323 2972 Oceano,
338 2899 514 2963 numerem?
559 2893 770 2978 Quodcunque
785 2894 943 2960 habitabile
957 2893 1048 2959 tellus

187 2990 329 3067 Sustinet,
345 2993 431 3076 hujus
447 2995 517 3058 erit:
542 3008 649 3076 pontus
665 3015 783 3077 quoque
798 2994 906 3056 serviet
920 2993 971 3062 illi.

186 3085 268 3149 Pace
284 3087 353 3149 data
367 3090 460 3167 terris,
476 3090 605 3152 animum
621 3089 658 3152 ad
672 3091 769 3154 civilia
791 3104 887 3155 vertet

185 3182 204 3245 J
208 3205 258 3245 ura
273 3204 369 3262 suum,
385 3185 526 3271 legesque
541 3185 615 3249 seret
626 3187 801 3273 justissimus
817 3203 934 3251 auctor:

186 3279 397 3366 Exemploque
412 3305 466 3347 suo
480 3306 577 3348 mores
592 3298 691 3368 reget:
714 3285 804 3370 inque
820 3284 907 3351 futuri

185 3377 344 3463 Temporis
359 3396 486 3460 etatem,
502 3396 750 3468 venturorumque
765 3397 921 3474 nepotum,

89 3544 91 3550 s
185 3475 384 3560 Prospiciens‚
400 3480 513 3562 prolem
528 3481 631 3544 sauctb
645 3480 683 3544 de
698 3478 825 3565 conjuge
840 3495 941 3552 natam

184 3569 277 3636 Ferre
292 3575 378 3638 simul
393 3597 561 3660 nomenque
577 3598 663 3644 suurn
678 3598 822 3660 curasque
833 3577 960 3663 jubebit.
