2568 4248
214 401 276 466 14⁰
514 411 856 470 unrnnonruosnon

209 557 380 640 Decertrre,
393 560 492 644 placet
499 583 509 640 ;
529 560 709 650 Tatiumque
723 567 862 632 accedere
875 591 977 655 regno.
1109 579 1166 646 155

248 656 406 722 Occiderat
419 657 534 737 Tatius,
548 661 721 746 populisque
736 679 846 749 equata
859 667 984 748 duobus,

207 753 347 834 Romule,
358 754 424 841 jum
438 757 543 822 debes:
567 759 662 842 positi
673 761 742 824 cinn
755 762 866 826 casside
879 763 1002 831 Mavors

206 851 329 917 Talibus
342 854 447 918 uffamr
459 855 617 940 divumque
632 857 838 943 bominumque
853 877 1023 945 parentem:

208 949 361 1036 ‘Tempm
374 953 467 1030 adest,
481 954 602 1035 genitor,
618 953 768 1040 (quoniam
782 956 948 1024 fundamine
962 983 1074 1047 magno

208 1046 274 1112 Res
287 1047 423 1112 Romana
437 1051 525 1128 valet,
539 1072 594 1114 nec
608 1053 728 1135 preside
741 1055 850 1137 pendet
864 1057 899 1120 ab
912 1057 986 1146 uno)
1108 1065 1166 1130 160
1271 1063 1273 1068 ’

208 1144 342 1224 Pmmia,
357 1169 419 1232 quc
433 1149 573 1231 promisse
586 1149 657 1212 mibi
670 1150 815 1236 dignoque
829 1156 939 1238 nepoti,

208 1243 341 1322 Solvere,
354 1258 385 1307 et
399 1244 527 1308 ablutum
540 1246 622 1308 terris
635 1247 784 1330 imponere
797 1251 884 1314 coelc.

207 1339 257 1405 Tu
271 1341 343 1404 mihi
356 1344 480 1406 concilio
493 1343 639 1428 quondam
653 1360 792 1427 presente
807 1347 937 1427 deomm,

209 1437 303 1524 (Nam
316 1460 458 1519 memoro,
470 1441 650 1526 memorique
664 1442 761 1505 animo
775 1443 823 1526 pie
838 1445 925 1508 verbu
937 1448 1053 1536 notum)

206 1543 226 1573 “
235 1534 321 1598 Unus
334 1538 399 1614 erit,
414 1559 503 1622 quem
516 1552 547 1601 tu
562 1539 646 1602 telles
660 1539 689 1602 in
702 1541 804 1604 caemle
817 1542 916 1619 eoeli,''
1104 1550 1164 1614 165

205 1631 325 1697 Dixisti.
369 1633 449 1697 Rata
461 1635 498 1698 sit
512 1635 666 1698 verbonrm
678 1658 790 1700 summe
804 1640 940 1704 tucnnn?

246 1731 361 1794 Annuit
373 1733 566 1817 omnipotens,
579 1747 610 1796 et
623 1734 747 1798 nubibus
760 1738 827 1800 nire
839 1738 923 1802 cecis

204 1828 354 1908 Occiduit,
369 1831 534 1916 tonitruque
547 1843 578 1894 et
591 1829 704 1912 fulgure
720 1834 819 1897 tenuit
832 1833 955 1900 Urbem.

204 1927 282 2004 Quae
296 1929 350 1993 sibi
364 1929 510 2013 promisse
524 1928 613 1992 sensit
626 1929 694 1992 dete
706 1930 786 2012 signe
799 1933 915 2015 rapine,

203 2026 384 2114 Innixusque
398 2029 498 2105 haste,
511 2047 625 2110 pressos
639 2040 755 2090 temone
768 2043 887 2094 cruento
1102 2038 1161 2101 1¹10

203 2124 372 2211 lmpevidus
384 2126 553 2190 conscendit
565 2147 655 2210 equos
670 2124 825 2203 Gradivus,
839 2141 870 2190 et
882 2128 942 2191 ictu

203 2221 342 2287 Verberis
355 2224 515 2308 increpuit:
538 2243 717 2307 pronumque
732 2244 785 2307 per
798 2227 865 2288 aen
878 2225 975 2310 lapsus

200 2320 341 2386 Comum
355 2323 383 2384 in
397 2342 514 2384 summo
527 2322 670 2385 nemcmi
683 2321 758 2384 colle
772 2320 883 2386 Palati:

200 2415 449 2502 Reddentemque
462 2439 516 2481 sic
524 2417 587 2502 jem
600 2419 681 2500 regie
689 2417 756 2503 jura
769 2417 877 2493 Quiriti

196 2516 327 2580 Ahsmlit
341 2515 462 2578 Iliaden.
506 2513 624 2598 Corpus
638 2517 759 2580 mortale
773 2538 827 2600 per
841 2538 923 2580 eures
1098 2523 1158 2587 1¹1⁵

196 2613 354 2699 Dilapsum
367 2626 489 2676 tenues:
510 2633 566 2678 ceu
582 2611 642 2675 latr
655 2613 792 2696 plumbea
804 2613 894 2678 sundri

194 2711 289 2780 bsrssu
302 2712 377 2777 solet
390 2711 488 2776 medic
502 2710 584 2794 glans
597 2711 777 2774 intabescere
790 2712 878 2776 coelo.

195 2813 325 2879 Pulchre
337 2812 417 2878 subit
428 2810 528 2889 facies,
542 2823 573 2873 et
587 2809 782 2894 pulvinaribus
796 2810 860 2872 altis

193 2912 330 2996 Dignior,
343 2925 375 2975 et
389 2910 481 2996 qualis
495 2908 616 2974 nubenti
629 2906 722 2970 sonna
735 2905 861 2981 Quirini.

233 3009 341 3073 Flebat
355 3022 388 3072 ut
401 3009 540 3071 amissum
553 3005 682 3090 conjux;
701 3004 770 3068 crim
783 3005 863 3088 regia
875 3003 954 3070 duno
1095 3008 1157 3074 180

189 3107 249 3172 Irin
264 3107 300 3170 ad
316 3105 475 3168 Hersiliam
488 3102 668 3167 descendere
682 3102 774 3164 limite
788 3123 879 3165 curvo

188 3205 336 3290 Imperat:
358 3217 389 3266 et
404 3223 503 3265 vacuo
517 3221 571 3262 sua
583 3199 777 3263 siemundeta
789 3199 907 3263 referre.
969 3235 971 3242 ι

163 3305 168 3318 “
187 3303 238 3368 ⁴0
252 3316 283 3367 et
297 3301 335 3365 de
349 3299 447 3378 Lutid,
461 3320 481 3363 c
495 3297 577 3362 etde
590 3310 679 3380 gente
694 3295 804 3359 sabine

187 3401 385 3485 Praecipuum,
399 3411 541 3474 matrona,
555 3397 664 3472 decus;
686 3393 853 3477 dignissime
865 3395 938 3460 tanti

185 3490 893 3580 Anteluissevin,conjuxnuncesseQuiriui;
1094 3495 1156 3562 185

83 3601 93 3616 “
185 3596 263 3660 Siste
276 3609 343 3660 uros
355 3593 460 3660 fleon:
483 3605 524 3669 et,
537 3589 562 3654 si
576 3587 628 3654 tibi
641 3608 712 3651 erun
726 3587 843 3652 videndi
