2572 4242
206 396 250 458 44
528 396 877 446 METAMORPHOSEON

208 547 259 612 De
273 546 362 610 modd
377 546 479 629 viginti
495 546 553 632 (tot
567 545 646 608 enim
661 545 729 607 retis
744 545 793 607 illa
807 544 933 631 ferebat)
1033 570 1036 575 ·

208 645 371 708 Restabem
385 646 474 707 solus.
518 642 677 718 Pavidum,
690 643 879 726 gelidumque
895 644 1031 706 trementi
1106 718 1111 727 Ι

208 742 354 826 Corpore,
370 742 479 826 vixque
494 762 594 802 meum
608 740 702 800 firmat
717 739 800 816 deus,
816 747 835 776 “
846 739 997 818 Excute‚'’
1013 740 1131 818 dicens,

209 839 339 904 “Corde
354 853 478 914 metum,
493 836 644 920 Diamque
659 835 760 898 tene.''
806 835 932 898 Delatus
946 835 976 899 in
990 836 1083 914 illam,

208 937 353 1000 Accensis
367 936 432 1015 eris,
446 935 600 999 Baccheia
613 955 694 996 sacra
708 932 883 1017 frequento.'
1120 938 1191 1000 275

529 1221 866 1234 --·-.ιι*

584 1455 723 1520 menn
750 1401 837 1520 ivs

467 1671 586 1714 eruent
608 1673 651 1714 m·
672 1672 808 1714 'rfflsens
831 1672 925 1714 nolte.

648 1856 677 1895 v.
693 1837 746 1896 55.

212 2001 359 2086 Pyramus
374 2015 405 2066 et
418 2002 543 2081 Thisbe,
554 2003 698 2089 juvenum
713 2002 926 2087 pulcherrimus
940 2003 1023 2081 alter,

212 2101 327 2178 Altera,
342 2122 414 2185 quas
428 2101 537 2164 Oriens
552 2102 668 2178 habuit,
680 2100 798 2184 praelatd
812 2099 927 2182 puellis,

213 2196 376 2279 contiguas
391 2199 513 2259 tenuere
528 2199 651 2260 domos:
675 2198 723 2259 ubi
738 2197 842 2258 dicitur
857 2197 946 2260 altam

213 2292 377 2355 Coctilibus
391 2294 481 2354 muris
495 2294 621 2354 cinxisse
637 2293 806 2355 Semiramis
820 2295 933 2357 urbem.

213 2387 367 2464 Notitiam,
382 2389 550 2471 primosque
565 2389 671 2469 gradus
687 2389 791 2451 vicinia
807 2389 892 2453 secit:
1165 2395 1187 2458 5

212 2483 365 2568 Tempore
380 2484 473 2546 crevit
487 2505 585 2546 amor:
608 2485 689 2546 taedae
704 2508 821 2570 quoque
832 2487 898 2571 jure
914 2486 1060 2566 coissent3

213 2581 273 2644 Sed
290 2581 410 2642 vetuere
426 2595 534 2665 patres,
550 2582 627 2665 quod
643 2604 700 2644 non
716 2585 839 2666 potuere
854 2599 965 2647 vetere.

255 2677 358 2741 Fissus
374 2693 436 2741 emt
450 2679 532 2741 tenui
546 2679 630 2757 rimi,
647 2701 734 2763 quam
749 2681 873 2744 duxerat
891 2683 972 2760 olim,

212 2773 293 2840 Ctim
308 2778 389 2841 fieret
404 2777 499 2862 paries
513 2777 612 2840 domui
626 2779 788 2840 communis
804 2778 929 2861 utrique.

212 2873 247 2937 Id
263 2876 367 2937 vitium
382 2877 454 2939 nulli
469 2898 522 2960 per
535 2875 646 2938 saeoula
659 2877 746 2958 longa
761 2890 906 2953 notatum,
1084 2895 1087 2898 “
1146 2882 1186 2943 10
1219 2900 1221 2904 ·

215 2971 314 3056 (Quid
329 2995 388 3033 non
403 2974 491 3035 sentit
506 2994 587 3035 amor
596 2972 622 3055 i)
647 2974 732 3055 primi
746 2973 874 3035 sensistis
889 2986 1031 3036 amantes.

212 3066 254 3129 Et
268 3069 334 3129 voci
348 3067 456 3130 fecistis
470 3068 535 3128 iter.
579 3067 660 3129 Tum
676 3091 824 3136 murmure
839 3092 931 3152 parvo

182 3162 310 3230 Multa
325 3164 404 3247 prids
420 3162 526 3246 questi,
541 3174 683 3238 statuunt,
698 3179 730 3224 ut
745 3182 832 3228 noete
846 3166 942 3229 silenti

212 3259 330 3324 Fallere
345 3260 492 3334 custodes,
508 3255 675 3339 foribusque
691 3261 838 3322 excedere
854 3276 978 3326 tentent.

212 3355 353 3436 Cquue
369 3355 457 3415 domo
472 3353 607 3429 exierint,
622 3353 700 3414 nrbis
715 3375 832 3436 quoque
846 3359 974 3421 claustra
986 3358 1170 3443 relinquant:

212 3453 300 3517 Neve
315 3451 352 3513 sit
366 3451 522 3513 errandum
537 3449 597 3512 lato
613 3449 804 3534 spatiantibus
819 3472 900 3527 arv0,
1145 3461 1183 3522 16

213 3548 403 3614 Conveniunt
417 3545 454 3610 ed
468 3547 553 3610 busta
568 3545 658 3610 Nini:
681 3547 849 3633 lateantque
864 3547 919 3609 sub
933 3545 1038 3612 umbris
