2572 4242
195 399 238 462 34
510 394 857 447 METAMORPHOSEON

196 551 266 617 Huc
281 551 331 612 ubi
346 550 481 634 pervenit
495 547 564 610 belli
582 545 741 610 metuenda
757 545 875 624 virago;

185 648 336 713 ‘Constitit
351 661 418 738 ante
434 646 566 721 domum,
584 643 696 728 (neque
712 642 791 704 enim
806 641 966 703 succedere
981 642 1068 704 tectis

193 745 254 810 Fas
269 743 373 830 habet)
391 757 421 806 et
437 741 688 827 postesextremd
701 737 824 822 cuspide
839 738 946 821 pulsat.
1112 741 1184 811 370,

195 843 357 908 Concussae
373 841 495 924 patuere
511 839 597 900 sores.
644 835 736 898 Videt
750 836 827 898 intus
842 835 981 897 edentem

196 939 343 1023 Vipereos
358 960 472 1014 carnes,
487 937 623 998 vitiorum
638 933 776 996 alimenta
790 951 920 1008 suorum,

195 1037 358 1102 Invidiam:
382 1019 504 1118 visbque
518 1018 620 1095 ocffios
636 1029 753 1093 avertit.
797 1030 841 1090 At
855 1029 904 1090 illa

195 1133 295 1216 Surgit
309 1134 399 1194 humo
414 1130 513 1214 pigri:
537 1147 777 1210 semesarumque
792 1125 929 1208 relinquit

197 1229 333 1312 Corpora
347 1227 537 1311 serpentdm:
561 1245 707 1307 passuque
722 1222 831 1284 incedit
845 1222 940 1284 inerti.
1112 1223 1180 1285 375

196 1325 300 1409 thue
316 1326 402 1388 deam
418 1323 489 1385 vidit
505 1320 658 1404 formaque
674 1320 820 1404 armisque
836 1319 984 1395 decoram,

195 1417 359 1504 Ingemuit:
383 1421 556 1503 vultumque
571 1419 630 1480 ima
644 1418 681 1480 ad
695 1417 819 1500 suspiria
833 1416 927 1478 duxit.

197 1519 297 1582 Pallor
311 1519 340 1580 in
355 1539 406 1580 ore
420 1517 521 1579 sedet:
544 1515 653 1578 macies
665 1517 695 1577 in
709 1535 832 1598 corpore
847 1527 910 1576 toto

198 1613 355 1697 Nusquam
370 1628 450 1677 recta
465 1613 561 1676 acies:
584 1613 677 1675 livent
691 1612 822 1694 rubigine
837 1610 959 1673 dentes:

197 1712 326 1775 Pectora
340 1710 408 1774 selle
425 1711 535 1772 virent:
558 1710 658 1791 lingua
672 1724 717 1772 est
732 1709 843 1771 suffusa
857 1728 984 1770 veneno.
1110 1705 1178 1770 38³0

198 1807 290 1872 Risus
305 1808 388 1870 abest
397 1830 406 1884 ;
427 1808 482 1870 nisi
498 1828 586 1890 quem
602 1807 655 1868 visi
670 1808 790 1868 movere
805 1805 931 1867 dolores.

199 1903 266 1970 Nec
281 1904 384 1967 fruitur
397 1925 511 1981 somno,
527 1903 695 1985 vigilacibus
710 1904 809 1966 excita
822 1903 916 1964 curis:

199 2002 261 2065 Sed
277 2003 358 2065 videt
372 2003 509 2085 ingratos,
525 2001 737 2086 intabescitque
753 2000 891 2076 videndo,

199 2101 360 2164 Successus
375 2101 545 2162 hominum:
568 2099 719 2183 carpitque
735 2111 765 2160 et
778 2097 906 2180 carpitur
919 2095 991 2158 unit.

199 2198 445 2281 suppliciumque
460 2219 547 2259 suum
562 2211 618 2258 est.
663 2195 810 2268 Quamvis
825 2209 924 2257 tamen
938 2193 1040 2256 oderat
1054 2192 1146 2270 illam,

199 2293 324 2354 Talibus
339 2294 427 2356 affata
442 2307 488 2355 est
501 2293 629 2354 breviter
642 2291 777 2352 Tritonia
795 2291 895 2354 dictis:
1110 2289 1176 2354 386
1271 2261 1281 2376 f

199 2389 308 2451 ‘lnfice
324 2389 392 2451 tabe
408 2387 461 2450 tud
475 2402 607 2450 natarum
623 2387 767 2470 Cecropis
782 2409 887 2450 unam:

199 2485 249 2548 Sic
264 2487 339 2568 opus
354 2498 409 2548 est.
454 2484 600 2566 Aglauros
615 2506 651 2546 ea
665 2485 732 2546 est.’
765 2484 866 2547 Haud
882 2487 966 2569 plura
980 2486 1079 2550 locuta

199 2581 308 2665 Fugit3
331 2595 361 2645 et
375 2581 518 2664 impressit
531 2582 667 2645 tellurem
681 2582 788 2666 repulit
802 2582 897 2644 hastis.

198 2680 255 2742 Illa
269 2680 356 2743 deam
371 2679 490 2765 obliquo
505 2679 665 2762 lugientem
680 2681 790 2742 lumine
805 2701 946 2756 cernens3
1110 2682 1175 2745 390
1278 2739 1281 2748 .

198 2777 353 2841 Murmura
367 2801 458 2862 parva
472 2780 572 2856 dedit3
594 2798 856 2860 successurumque
871 2775 1014 2840 Minerva

198 2874 344 2938 Indoluit:
367 2876 564 2959 baculumque
580 2877 677 2958 capit;
700 2875 778 2960 quod
793 2873 895 2956 spinea
908 2887 1003 2935 totum

200 2970 328 3033 Vincula
342 2972 516 3053 cingebant:
540 2973 739 3056 adopertaque
754 2971 879 3033 nubibus
894 2970 972 3046 atris,

198 3067 388 3151 Quicunque
405 3068 574 3148 ingreditur,
586 3068 719 3130 florentia
734 3069 854 3151 proterit
869 3089 950 3144 arva,

198 3163 364 3247 Exuritque
380 3163 496 3238 herbas,
512 3177 541 3224 et
556 3184 671 3224 summa
684 3165 836 3226 cacumina
850 3164 964 3247 carpit.
1110 3167 1172 3227 395

202 3261 372 3344 Affiatuque
387 3281 441 3320 suo
456 3259 592 3342 populos,
606 3259 764 3340 urbesque,
780 3259 942 3343 domosque

201 3356 326 3419 Polluit:
351 3356 515 3418 et'tandem
529 3354 684 3417 Tritonida
698 3354 842 3436 conspicit
856 3377 971 3431 arcem,

201 3453 337 3536 ingeniis,
352 3453 526 3535 opibusque,
541 3466 571 3514 et
586 3450 660 3514 sesti
674 3472 748 3535 pace
764 3452 922 3514 virentem:

201 3551 322 3638 Vixque
338 3564 419 3612 tenet
434 3551 597 3632 lacrymam
621 3550 689 3635 quia
703 3550 743 3614 nil
758 3546 947 3632 lacrymabile
961 3547 1065 3612 cernit.

1199 3266 1202 3272 ·
1276 3235 1281 3310 l
