2568 4248
210 407 272 472 126
517 412 866 466 unrnuonruosnon

205 563 253 630 Inr
267 584 323 648 per
335 563 487 642 excubias,
500 577 532 628 ct
545 583 578 628 se
592 562 779 628 committere
792 562 897 626 nocti?

204 659 324 745 Perque
339 659 415 724 t'eroe
428 681 526 738 enses,
540 681 599 724 non
615 660 729 724 tactim
743 659 856 725 moenia
869 659 997 738 Troum,

206 757 321 820 Verum
333 759 423 822 etiam
437 778 567 822 summae
581 778 664 820 arces
679 757 795 834 intrare,
810 758 922 842 suique

205 854 330 939 Eripere
344 856 407 920 cde
421 856 520 934 deam,
534 869 707 939 raptamque
722 855 826 918 efferre
842 875 895 939 per
908 855 1030 920 hostes?
1125 860 1189 922 345

204 952 283 1026 Qua
297 954 352 1018 nisi
363 953 509 1032 fecissem,
523 952 627 1016 frustrri
640 952 806 1016 Telamone
821 967 936 1016 creatus

202 1050 359 1114 Gestisset
373 1050 448 1114 laevi
457 1065 606 1114 taurorum
619 1063 735 1132 tergora
748 1062 875 1134 septem.

203 1146 260 1210 lllri
273 1162 360 1212 nocte
374 1149 447 1211 mihi
461 1147 560 1232 Trojae
575 1147 694 1210 victoria
708 1161 792 1229 parta
805 1161 868 1212 est:

203 1243 350 1326 Pergama
366 1259 428 1308 tum
444 1245 511 1321 vici,
525 1245 595 1307 clun
610 1244 687 1306 vinci
701 1265 789 1327 posse
800 1244 897 1326 coegi.

246 1341 359 1404 Desine
373 1341 514 1424 Tydiden
529 1342 670 1424 vultuque
686 1355 716 1404 et
730 1362 878 1404 mumiure
900 1341 983 1406 nobis
1116 1345 1180 1408 350

202 1438 361 1501 Ostentare
375 1459 493 1502 meum:
516 1459 582 1522 pars
597 1453 642 1502 est
656 1459 710 1502 sua
723 1438 816 1502 laudis
831 1439 860 1502 in
875 1439 941 1502 illis.

202 1533 231 1596 N
234 1555 269 1598 ec
284 1549 327 1611 tu,
340 1535 410 1598 edm
424 1534 505 1598 socia
516 1535 659 1626 elypeum
674 1557 727 1620 pro
742 1535 834 1598 'classe
850 1521 981 1612 ciebas,

201 1631 289 1694 Solus
303 1653 384 1696 eras:
407 1633 459 1696 tibi
474 1633 560 1696 turba
572 1654 685 1711 comes,
699 1633 771 1696 mihi
785 1633 908 1716 contigit
922 1654 1007 1698 unm.

201 1728 275 1806 Qui,
290 1729 344 1794 nisi
359 1751 526 1814 pugnacem
540 1731 627 1794 sciret
640 1731 774 1814 sapiente
788 1731 932 1794 minorem

201 1824 288 1904 Esse,
301 1848 359 1891 nec
373 1827 519 1891 indomite
534 1828 634 1892 deberi
650 1828 768 1910 praemia
782 1828 903 1906 dextrae,
1111 1833 1175 1894 355

200 1922 269 2007 Ipse
285 1947 402 2010 quoque
416 1927 480 1990 hee
494 1938 626 2009 peteret:
649 1939 765 2009 peteret
778 1925 955 1990 moderatior
968 1925 1062 2010 Ajax,

199 2020 431 2108 Eurypylusque
446 2022 539 2101 ferox,
554 2025 692 2106 claroque
708 2022 900 2086 Andremone
914 2036 1016 2088 natus:
1129 2018 1140 2080 .'

199 2117 267 2182 Nec
281 2121 376 2184 mindo
390 2121 578 2198 Idomeneus,
593 2121 744 2204 patriique
758 2133 874 2184 creatus
893 2120 999 2184 eidem

198 2215 366 2282 Meriones:
389 2233 504 2302 peteret
517 2218 632 2304 majoris
646 2216 734 2281 frater
745 2217 869 2280 Atrida.

198 2312 323 2397 Quippe
338 2337 426 2378 manu
443 2314 531 2378 sortes
547 2314 619 2402 (nec
632 2329 700 2378 sunt
715 2315 766 2378 tibi
781 2313 879 2378 Marte
901 2313 1038 2402 secundi)
1105 2319 1172 2382 360

198 2409 336 2473 Consiliis
350 2412 466 2474 cessere
480 2412 566 2476 meis.
609 2412 679 2475 Tibi
695 2413 819 2476 dextera
832 2412 912 2474 bello

196 2504 303 2581 Utilis3
325 2506 474 2588 ingenium
489 2521 544 2586 est,
560 2508 639 2591 quod
654 2522 723 2591 eget
738 2509 938 2572 moderamine
952 2509 1052 2574 nostri.

195 2602 245 2664 Tu
262 2604 338 2666 vires
352 2604 414 2666 sine
428 2618 528 2668 mente
543 2604 635 2688 geris:
658 2607 730 2670 mihi
744 2627 815 2669 eura
828 2604 916 2669 futuri
931 2620 985 2670 est.

195 2700 245 2762 Tu
260 2723 390 2785 pugnare
405 2716 508 2785 potes:
530 2703 680 2787 pugnandi
694 2717 829 2786 tempora
842 2725 960 2768 mecum

195 2796 287 2881 Eligit
301 2798 441 2862 Atrides:
464 2814 497 2864 tu
512 2799 625 2863 tantiuu
638 2821 761 2885 corpore
776 2801 883 2884 prodes
891 2822 901 2878 ;
1101 2803 1165 2866 365

194 2895 258 2958 Nos
274 2897 388 2960 animo:
412 2914 580 2983 quantoque
594 2912 688 2960 ratem
704 2898 752 2981 qui
769 2911 922 2982 temperat,
937 2897 1028 2962 anteit

194 2991 328 3075 Remigis
343 2995 491 3070 officium;
514 3009 623 3078 quanto
638 2995 700 3057 dux
714 2995 806 3058 milite
820 2995 913 3081 major
921 3017 930 3073 ;

192 3087 292 3150 Tanto
307 3110 363 3169 ego
377 3103 407 3152 te
421 3111 540 3171 supero.
565 3079 568 3086 ¹
586 3089 652 3152 Nec
667 3113 726 3154 non
741 3093 770 3156 in
785 3115 908 3178 corpore
923 3107 1021 3158 nostro

108 3193 116 3212 ¹
192 3184 319 3247 Pectore
334 3199 402 3249 sunt
416 3186 529 3269 potiora
542 3208 649 3250 manu:
673 3188 755 3271 vigor
769 3192 863 3254 omnis
878 3192 908 3256 in
927 3192 992 3256 illis.

235 3283 278 3344 At
293 3304 355 3359 vos,
369 3305 389 3345 o
404 3280 551 3367 proceres,
566 3284 645 3366 vigili
659 3285 728 3349 date
743 3289 862 3372 praemia
877 3305 992 3366 vestro3
1100 3292 1164 3355 37⁰

191 3379 311 3464 Proque
325 3393 370 3442 tot
384 3402 527 3444 annonam
541 3381 624 3460 curi,
639 3405 712 3467 quos
728 3385 833 3448 anxius
848 3387 906 3467 egi,

190 3475 281 3542 Hunc
295 3477 412 3542 titulum
425 3477 536 3542 meritis
550 3479 734 3563 pensandum
747 3481 860 3545 reddite
875 3483 991 3548 nostris.

188 3571 258 3632 ,lam
272 3573 354 3635 labor
367 3573 396 3636 in
411 3574 469 3636 fine
484 3589 546 3638 eat:
569 3575 714 3640 obstantia
731 3576 788 3640 lata
802 3579 933 3642 removi:
