2572 4242
503 439 612 492 usne
630 439 679 492 111.
1029 435 1069 499 dl

102 591 211 656 Praeter
224 611 326 676 aquas.
370 587 475 654 Unum
488 590 546 654 hoc
562 611 688 674 possum·
698 590 847 674 appellare
862 605 1028 674 paternum.
1100 629 1104 638 .

102 689 176 752 Mox
191 712 260 772 ego,
274 709 312 752 ne
326 689 455 772 scopulis
470 689 610 752 heresem
625 709 742 771 semper
756 688 786 750 in
803 689 907 766 isdem,
1012 691 1072 754 176

103 787 239 850 Addidici
253 787 396 869 regimen,
411 785 518 848 dextris
531 785 712 860 moderante,
727 785 831 848 carine

103 881 256 946 Flectere:
280 899 310 946 et
324 881 439 946 Olenite
454 883 533 946 sidus
548 882 675 966 pluviale
689 883 822 964 capelle,

103 979 329 1063 Taygetenque,
344 977 526 1063 Hyadesque
541 978 634 1042 oculis
648 978 821 1062 Arctonque
835 978 945 1058 notavi,

105 1074 328 1159 Ventorumque
342 1075 456 1152 domos,
467 1090 498 1138 et
512 1089 613 1159 portus
625 1074 774 1158 puppibus
784 1089 880 1159 aptos.
1012 1075 1073 1140 180

143 1171 235 1235 Forte
251 1187 357 1256 petens
371 1171 483 1248 Delon,
498 1171 564 1235 Die
579 1171 690 1234 telluris
704 1171 741 1234 ad
755 1193 821 1236 oras

103 1268 257 1352 Applicor,
271 1282 302 1330 et
316 1268 427 1332 dextris
441 1267 571 1332 adducor
584 1268 679 1332 littora
694 1269 800 1333 remis:

103 1364 211 1450 Doque
226 1367 308 1429 leves
322 1366 429 1428 saltus:
453 1365 576 1448 udeque
591 1365 698 1430 innitor
711 1387 817 1430 ereum

102 1462 173 1526 Nox
188 1463 238 1526 ubi
251 1475 427 1546 consumpte
441 1477 505 1539 est3
527 1462 643 1526 Aurora
656 1463 810 1526 rubescere
824 1463 951 1548 primitur

102 1559 263 1644 Coeperat:
288 1581 428 1646 exsurgo,
442 1560 604 1645 laticesque
618 1559 724 1623 inferre
738 1575 872 1624 recentes
1013 1563 1073 1628 18⁶

102 1658 279 1735 Admone03
300 1673 489 1742 monstroque
505 1658 593 1734 viam,
609 1679 672 1742 que
688 1659 776 1722 ducat
791 1658 827 1722 ad
843 1658 947 1724 undss.

101 1753 182 1837 lpse,
198 1754 267 1839 quid
283 1776 355 1818 sura
368 1755 439 1818 milti
454 1755 568 1818 tumulo
582 1755 731 1838 promittat
746 1755 783 1818 ab
797 1757 867 1833 alto,

102 1849 271 1934 Prospicio:
294 1852 476 1934 comitesque
492 1872 576 1928 roco,
591 1867 752 1936 repetoque
766 1853 906 1916 carinam.

101 1954 121 1983 “
130 1947 285 2010 Adsumus
299 1948 370 2025 en,''
386 1949 488 2032 inquit,
502 1949 647 2010 sociomm
663 1949 773 2032 primus
787 1948 953 2032 Opheltes:

100 2042 204 2127 thue
220 2058 316 2128 putet,
328 2044 454 2128 predam
468 2045 586 2108 deserto
600 2058 702 2108 nactus
718 2045 746 2107 in
762 2065 842 2126 agro,
1014 2047 1075 2111 lm

102 2139 247 2221 Virginea
260 2161 386 2225 puerum
401 2142 481 2205 ducit
496 2163 549 2225 per
562 2143 659 2205 littora
673 2139 777 2204 sormb.

145 2236 212 2312 Ille,
225 2259 309 2301 mero
323 2259 485 2322 somnoque
500 2239 606 2320 gravis,
621 2239 745 2301 titubare
761 2237 894 2318 videtur,

101 2333 226 2417 Vixque
240 2335 335 2416 sequi.
379 2335 491 2418 Specto
504 2335 628 2412 cultum,
643 2335 818 2418 faciemque,
833 2335 1030 2420 gradumque:

100 2430 154 2492 Nil
170 2430 220 2506 ibi,
236 2431 315 2514 quod
329 2445 428 2514 posset
442 2431 522 2494 credi
537 2431 670 2508 mortale,
686 2433 833 2494 videbam.

100 2527 143 2588 Et
159 2527 247 2604 sensi,
263 2541 294 2590 et
309 2523 370 2589 diiti
383 2527 480 2604 sociis,
495 2525 618 2600 “Quod
632 2548 741 2590 numen
757 2528 785 2591 in
799 2529 855 2591 isto
1015 2531 1075 2594 195

99 2622 239 2706 Corpore
254 2625 292 2686 sit
306 2623 424 2686 dubito:
448 2622 501 2686 sed
515 2645 637 2708 corpore
653 2646 762 2688 numen
778 2625 807 2687 in
822 2625 877 2688 isto
890 2638 946 2690 est.
1197 2659 1226 2703 a.

98 2719 249 2804 Quisquis
264 2741 307 2798 es,
322 2741 341 2782 0
355 2718 466 2797 faveas,
481 2721 644 2804 nostrisque
658 2721 804 2784 laboribus
818 2721 905 2786 adsis.

98 2817 160 2879 His
176 2839 295 2901 quoque
310 2816 362 2880 des
378 2817 527 2880 veniam.'’
572 2825 591 2854 “
601 2816 663 2880 Pro
677 2818 760 2880 nobis
775 2818 858 2880 mitte
874 2817 1018 2900 precari,’'

96 2914 214 2997 Dictys
228 2915 285 2976 ait:
310 2935 369 2997 quo
383 2935 442 2976 non
456 2913 529 2976 alius
543 2913 742 2978 conscendere
755 2935 885 2978 summes

96 3011 197 3074 Ocior
211 3025 365 3088 antennas,
380 3033 545 3095 prensoque
560 3011 684 3074 mdente
698 3011 825 3074 relabi.
1013 3013 1078 3076 200

56 3108 172 3215 Hoc
187 3107 294 3191 Libys,
309 3109 368 3170 hoc
382 3109 487 3186 flamrs,
502 3129 593 3191 prore
608 3109 710 3185 tutela,
725 3107 908 3186 Melanthus,

56 3163 171 3268 Hoc
186 3208 294 3290 probat
308 3201 504 3278 Alcimedond.
528 3221 558 3268 et
559 3207 633 3290 ,qui
648 3207 839 3290 requiemque
853 3205 1033 3290 modumque

95 3303 187 3366 Voce
203 3304 294 3367 dabat
308 3304 407 3380 remis,
421 3303 584 3366 anirnomm
599 3304 729 3366 hortator
743 3301 906 3386 Epopeus.

72 3392 86 3462 l
94 3399 169 3463 Hoc
185 3421 293 3464 omnes
309 3399 368 3462 alii.
412 3399 522 3464 Predae
537 3414 596 3464 tam
610 3421 691 3463 cece
703 3400 813 3482 cupido
827 3413 883 3462 est.

96 3505 116 3534 “
128 3497 201 3560 Non
216 3513 322 3562 tamen
337 3497 413 3560 banc
427 3519 511 3561 sacro
526 3497 625 3560 violari
640 3497 771 3581 pondere
785 3498 888 3581 pinum
1015 3497 1078 3560 205

95 3593 291 3680 Perpetiar,''
307 3595 387 3658 dixi:
412 3603 432 3632 “
442 3616 509 3678 pars
523 3595 571 3658 hic
586 3595 658 3658 mihi
672 3593 802 3658 maxima
812 3593 919 3678 juris.’'

362 3696 383 3756 4
391 3694 411 3732 ᾖ
