2572 4242
556 402 665 456 ΗΜ
689 406 734 458 Vl.

536 671 673 740 LIBER
685 673 742 740 vt.

393 895 493 942 moun
515 901 551 944 nt
574 905 719 947 STATUA-'d
742 907 884 952 man.

581 1085 610 1129 v.
625 1070 697 1130 148.

126 1211 214 1278 Ante
230 1239 305 1285 suos
323 1223 430 1292 Niobe
445 1231 590 1298 thalamos
603 1253 782 1318 cognoverat
796 1239 888 1317 illam,

124 1306 212 1375 Tum
228 1321 304 1382 otim
321 1321 492 1392 Maeoniam
507 1333 588 1414 virgo
602 1333 798 1418 Sipylumque
812 1337 939 1400 colebat.

119 1403 195 1471 Neo
212 1427 321 1480 tamen
339 1423 499 1489 admonita
513 1445 557 1492 est
573 1433 662 1514 poenti
678 1434 826 1514 popularis
843 1435 997 1500 Arachnes

117 1501 252 1572 Cedere
268 1517 443 1599 coelitibus,
460 1527 612 1609 verbisque
627 1529 786 1592 minoribus
801 1530 853 1593 uti.

112 1597 227 1690 Multa
243 1609 365 1678 dabant
381 1621 511 1684 animos.
555 1625 708 1688 Sedenim
722 1649 779 1690 nec
792 1627 924 1713 conjugis
938 1643 1026 1709 mes,
1102 1633 1125 1698 δ

110 1693 149 1758 N
151 1720 190 1762 eo
205 1725 311 1784 genus
329 1715 507 1796 arnborum,
521 1723 676 1805 magnique
693 1727 824 1806 potentia
838 1727 931 1808 regni,

107 1793 168 1857 Sic
184 1801 346 1881 plaoudre
363 1812 422 1890 illi,
435 1819 567 1898 quamvis
578 1840 613 1880 ea
628 1835 735 1882 cuncta
747 1823 915 1905 placebant,

106 1887 159 1954 Ut
174 1917 235 1960 sua
252 1909 451 1986 progenies:
475 1927 506 1976 et
522 1913 683 1980 felicissima
703 1934 829 1980 matrum

102 1987 210 2056 Dicta
226 1995 313 2064 soret
330 2002 457 2086 Niobe,
473 2011 497 2072 si
512 2013 637 2074 nonsibi
653 2015 717 2075 visa
732 2015 843 2077 suisset.

100 2083 137 2147 N
139 2109 196 2152 am
213 2109 286 2158 sata
303 2098 452 2182 Tironi,
469 2111 582 2172 venturi
599 2111 733 2192 praesoia,
749 2109 854 2174 Manto

98 2182 171 2247 Per
187 2193 321 2258 medias
340 2197 463 2280 suerat,
479 2205 579 2269 divino
593 2208 709 2270 concita
724 2223 818 2284 motu,

99 2278 298 2353 Vaticinata
317 2295 410 2360 vias:
440 2301 635 2380 ‘Ismenides‚
651 2306 690 2366 ite
707 2304 886 2387 frequentes,

94 2375 140 2440 Et
157 2382 240 2446 date
258 2387 426 2470 Latonae,
444 2395 696 2483 Latonigenisque
712 2401 837 2476 duobus,

91 2474 181 2540 Cum
202 2503 312 2563 prece
331 2489 440 2554 thura
456 2494 525 2575 piri:
549 2496 688 2579 lauroque
704 2497 842 2559 innectite
856 2495 977 2560 crinem.

88 2573 157 2636 Ore
173 2599 259 2642 meo
276 2582 426 2650 Latona
441 2589 552 2672 jubet!
597 2593 737 2655 Paretur:
760 2609 907 2654 etornnes
1092 2595 1132 2658 15

87 2669 289 2740 Thebaides
303 2679 419 2764 jussis
438 2707 497 2748 sua
512 2700 643 2772 tempora
658 2690 807 2751 frondibus
821 2700 941 2749 ornant:

84 2765 273 2857 Thuraque
294 2779 390 2841 dant
409 2786 529 2846 sanctis
544 2800 574 2846 et
589 2787 678 2848 verba
694 2783 855 2866 precantia,
871 2782 1004 2842 flammis.

127 2865 222 2932 Ecce
243 2875 355 2950 yenit
375 2879 540 2940 comitum
556 2880 651 2942 Niobe
666 2879 857 2941 celeberrima
872 2877 968 2952 turbis,

87 2958 239 3030 Vestibus
259 2969 421 3033 intexto
443 2973 585 3056 Phrygiis
600 2975 769 3057 spectabilis
783 2993 869 3035 auro:

83 3057 131 3134 Et,
148 3079 332 3144 quantum
356 3067 415 3129 ira
434 3069 521 3146 sinit,
537 3070 676 3132 lonnosn:
700 3089 880 3152 movensque
894 3068 1001 3130 decoro
1093 3077 1141 3144 20

81 3152 159 3218 Cum
175 3164 309 3244 capite
332 3164 517 3227 immissos
529 3167 686 3234 humerum
703 3188 756 3247 per
770 3179 924 3246 utnnnque
938 3165 1059 3246 capillos

80 3248 228 3320 Constitit
246 3281 256 3320 :
293 3275 430 3342 utque
450 3263 557 3322 oculos
571 3262 749 3322 circumtulit
762 3262 820 3320 alta
834 3260 993 3340 super·bos;

80 3347 171 3422 ‘Quis
187 3355 303 3419 furor
324 3357 507 3432 auditoS‚'
524 3358 625 3440 inquit,
641 3365 829 3438 ‘praeponere
846 3355 911 3415 visis

77 3441 236 3515 Coelestes
251 3456 270 3515 ?
305 3465 386 3515 aut
406 3473 477 3514 cur
492 3453 598 3514 colitur
612 3452 728 3513 Latona
743 3471 796 3531 per
810 3471 891 3524 aras;

78 3537 190 3612 Numen
211 3549 367 3613 adhuc
389 3549 477 3610 sine
494 3547 580 3608 thure
592 3567 692 3610 meum
703 3547 767 3604 esti
790 3544 866 3605 Mihi
875 3541 1019 3604 Tantalus
1029 3563 1162 3646 mmm,
