2572 4242
508 425 616 478 mea
631 427 678 480 vt.
1036 425 1080 489 Π

101 577 161 643 Cui
175 577 215 641 sis
229 588 326 660 nupta
337 575 417 653 ride,
427 574 583 640 Pandione
597 590 676 656 nata,
687 581 802 644 marito.
830 625 845 630 --
1018 579 1080 648 10)

102 675 296 758 Degeneres:
319 675 417 736 scelus
431 689 476 738 eet
492 675 585 762 pietas
599 675 628 737 in
642 675 768 761 conjuge
783 674 908 742 'l'ttreo⁹

103 772 170 836 Nec
186 794 286 849 mora3
309 773 398 835 traxit
413 771 492 854 ltyn,
508 773 598 835 veluti
613 772 778 856 Gangetica
791 797 887 842 cervas

103 871 284 934 Lactentem
297 868 402 932 soettun
418 889 472 952 per
484 869 572 932 silvas
587 870 666 952 tigris
679 892 799 954 opacas.

103 967 209 1052 thue
224 967 331 1028 donrhs
345 968 409 1029 alte
424 979 537 1050 partem
553 971 676 1030 tenuere
691 983 853 1046 remotam

104 1063 356 1148 Tendentemque
370 1084 485 1140 manus,
499 1079 530 1126 et
539 1061 602 1148 jem
617 1085 671 1128 aua
685 1064 745 1128 sata
760 1066 921 1143 ridentem,
1020 1067 1080 1134 tea

71 1168 114 1250 s
124 1160 204 1238 Eia,'
220 1176 251 1223 et
261 1161 336 1246 jam,
351 1159 482 1236 ‘maten’
497 1160 686 1238 clamantem,
700 1176 732 1226 et
745 1162 822 1226 colla
836 1178 988 1246 petentem

105 1257 189 1320 Ense
204 1257 280 1350 sent
283 1257 411 1334 Procne,
424 1257 506 1322 lateri
522 1257 582 1342 qut
596 1273 699 1341 pectus
713 1259 858 1324 adheret:

105 1353 174 1418 Nec
189 1355 304 1417 vultum
317 1355 433 1418 auertit.
477 1353 556 1418 sate
570 1355 610 1418 illi
625 1354 663 1416 ad
677 1355 737 1418 sata
751 1356 798 1419 rel
817 1377 910 1422 uuum

107 1451 226 1514 Vulnus
241 1466 320 1528 erat;
337 1451 474 1537 jugulum
488 1451 565 1514 ferro
579 1451 746 1516 Philomela
760 1451 888 1518 resolvit.

107 1548 246 1634 Vivaque
262 1551 369 1624 adhuc,
383 1550 546 1632 animeque
560 1549 670 1633 aliquid
684 1551 839 1614 retinentia
853 1551 986 1616 menbra
1019 1553 1080 1618 lm

105 1646 270 1709 Dilaniant.
316 1646 388 1709 Pars
403 1645 471 1708 inde
485 1645 566 1708 cavis
580 1647 709 1710 exsultat
723 1648 822 1712 ainis:

87 1743 180 1814 ,d'ars
196 1744 323 1805 verubus
336 1743 454 1806 stridet:
477 1757 597 1805 manant
612 1743 771 1826 penetralia
785 1712 867 1809 talah

63 1830 84 1871 ·'
106 1839 163 1904 His
178 1840 299 1902 adhibet
313 1839 423 1925 conjux
438 1839 569 1922 ignauam
583 1838 683 1904 Terea
697 1841 823 1906 mensis:

106 1937 147 2002 Et
162 1937 247 2022 patrii
263 1939 352 2000 moris
366 1957 480 2000 sacram
495 1937 627 2012 mentita,
643 1937 720 2022 quod
735 1937 787 2002 uni

106 2034 167 2098 Fas
182 2036 220 2097 sit
234 2035 315 2096 adire
330 2034 402 2108 viro,
416 2033 539 2096 comites
554 2033 737 2118 seruulosque
752 2034 889 2098 removit.
1021 2035 1082 2103 105

106 2131 192 2208 lude,
207 2132 314 2194 sedens
328 2131 411 2206 solio,
425 2128 553 2206 Tereus,
567 2130 700 2192 sublimis
715 2129 845 2206 avito,-

108 2228 265 2292 Vescitur:
289 2229 378 2312 inque
392 2248 476 2289 suam
491 2247 544 2289 sua
559 2227 671 2290 viscere
685 2227 817 2310 congerit
831 2227 942 2293 urum.

106 2325 266 2410 Tantaque
282 2347 342 2388 nox
357 2325 445 2387 animi
459 2339 516 2401 est,
530 2323 618 2408 ‘ltyu
634 2325 692 2388 huc
707 2324 866 2403 amessite,’
881 2325 968 2392 dixit.

106 2423 303 2486 Dissimulare
317 2423 419 2506 nequit
433 2422 562 2485 crudelia
580 2395 838 2504 gaudiasproouu

106 2520 236 2606 Jamque
250 2542 310 2584 suae
325 2521 448 2604 cupiens
463 2519 606 2582 exsistere
620 2521 720 2584 nuntia
735 2521 844 2598 cladis;
1019 2523 1085 2588 200

107 2627 117 2656 ‘
125 2617 210 2682 lutus
225 2619 329 2694 habes,
344 2618 423 2701 quod
438 2617 555 2701 poscis,’
570 2617 620 2682 ait.
664 2616 874 2702 Citoumspicit
888 2617 948 2696 ille,

106 2717 212 2802 Atque
226 2717 276 2780 ubi
292 2717 330 2779 sit
344 2717 455 2802 querit.
502 2715 667 2792 Quaerenti,
682 2713 847 2800 iterumque
861 2716 990 2795 vocanti,

80 2813 194 2898 fSicut
208 2827 271 2876 erat
286 2813 393 2897 sparsis
408 2813 501 2876 harioli
514 2811 596 2876 cede
610 2811 733 2895 capillis,
937 2803 941 2816 ’

107 2906 251 2992 Prosiliil,
265 2908 408 2994 Ityosque
422 2925 514 2994 caput
528 2909 696 2974 Philomela
709 2921 865 2974 omentum

78 3007 238 3071 ,Misitin
252 3029 303 3070 ora
318 3008 424 3091 patris:
448 3029 504 3072 neo
519 3020 653 3090 tempore
666 3005 770 3070 maluit
784 3005 845 3072 ullo
1022 3009 1087 3074 205

107 3102 204 3186 Posse
219 3104 311 3187 loqui,
326 3119 356 3166 et
373 3105 483 3167 meritis
497 3105 596 3168 testari
612 3104 718 3186 gaudia
733 3105 844 3168 dictis..

150 3201 298 3264 Thracius
315 3201 423 3283 ingenti
438 3223 555 3264 mensas
569 3203 698 3264 clamore
712 3203 838 3286 repellit,

109 3298 316 3383 vipereasque
331 3299 391 3360 ciet
405 3298 511 3382 Stygii
526 3299 564 3362 de
579 3299 655 3362 valle
669 3319 800 3363 sorores:

108 3395 149 3458 Et
165 3397 265 3472 ruodo,
281 3397 305 3458 si
322 3396 423 3478 possit,
437 3411 567 3458 reserato
582 3409 702 3480 pectore
717 3397 793 3459 diras

109 3493 241 3575 Egercre
258 3494 326 3556 iude
342 3493 445 3576 dapes,
460 3494 653 3576 demersaque
665 3494 777 3556 viscera
790 3493 896 3575 gestit:
1025 3493 1091 3556 210

109 3587 177 3655 Flet
192 3591 295 3669 modd,
311 3611 404 3676 seque
419 3605 507 3654 vocat
521 3591 640 3654 bustum
654 3589 820 3654 rnisembile
833 3587 912 3650 nati:

440 3689 490 3751 qe
